%YAML 1.1
%TAG !u! tag:unity3d.com,2011:
--- !u!1 &137238898310173174
GameObject:
  m_ObjectHideFlags: 0
  m_CorrespondingSourceObject: {fileID: 0}
  m_PrefabInstance: {fileID: 0}
  m_PrefabAsset: {fileID: 0}
  serializedVersion: 6
  m_Component:
  - component: {fileID: 2696239492038180265}
  m_Layer: 0
  m_Name: Base HumanRPlatform
  m_TagString: Untagged
  m_Icon: {fileID: 0}
  m_NavMeshLayer: 0
  m_StaticEditorFlags: 0
  m_IsActive: 1
--- !u!4 &2696239492038180265
Transform:
  m_ObjectHideFlags: 0
  m_CorrespondingSourceObject: {fileID: 0}
  m_PrefabInstance: {fileID: 0}
  m_PrefabAsset: {fileID: 0}
  m_GameObject: {fileID: 137238898310173174}
  m_LocalRotation: {x: -0.50256413, y: 0.49742252, z: 0.50256425, w: -0.49742267}
  m_LocalPosition: {x: 0.079335496, y: 0.007210375, z: 0.029121138}
  m_LocalScale: {x: 1, y: 1, z: 1}
  m_ConstrainProportionsScale: 0
  m_Children: []
  m_Father: {fileID: 1909103666702878405}
  m_RootOrder: 3
  m_LocalEulerAnglesHint: {x: 0, y: 0, z: 0}
--- !u!1 &237279318608976667
GameObject:
  m_ObjectHideFlags: 0
  m_CorrespondingSourceObject: {fileID: 0}
  m_PrefabInstance: {fileID: 0}
  m_PrefabAsset: {fileID: 0}
  serializedVersion: 6
  m_Component:
  - component: {fileID: 8164404693858341387}
  m_Layer: 0
  m_Name: Base HumanSpine3
  m_TagString: Untagged
  m_Icon: {fileID: 0}
  m_NavMeshLayer: 0
  m_StaticEditorFlags: 0
  m_IsActive: 1
--- !u!4 &8164404693858341387
Transform:
  m_ObjectHideFlags: 0
  m_CorrespondingSourceObject: {fileID: 0}
  m_PrefabInstance: {fileID: 0}
  m_PrefabAsset: {fileID: 0}
  m_GameObject: {fileID: 237279318608976667}
  m_LocalRotation: {x: -0.000000012724276, y: -0.00000005987768, z: 0.07604039, w: 0.99710476}
  m_LocalPosition: {x: -0.0956974, y: 0, z: 0}
  m_LocalScale: {x: 1.0000005, y: 1.0000004, z: 1}
  m_ConstrainProportionsScale: 0
  m_Children:
  - {fileID: 257260053536216520}
  m_Father: {fileID: 7894388643048563006}
  m_RootOrder: 0
  m_LocalEulerAnglesHint: {x: 0, y: 0, z: 0}
--- !u!1 &780203958049041746
GameObject:
  m_ObjectHideFlags: 0
  m_CorrespondingSourceObject: {fileID: 0}
  m_PrefabInstance: {fileID: 0}
  m_PrefabAsset: {fileID: 0}
  serializedVersion: 6
  m_Component:
  - component: {fileID: 7894388643048563006}
  m_Layer: 0
  m_Name: Base HumanSpine2
  m_TagString: Untagged
  m_Icon: {fileID: 0}
  m_NavMeshLayer: 0
  m_StaticEditorFlags: 0
  m_IsActive: 1
--- !u!4 &7894388643048563006
Transform:
  m_ObjectHideFlags: 0
  m_CorrespondingSourceObject: {fileID: 0}
  m_PrefabInstance: {fileID: 0}
  m_PrefabAsset: {fileID: 0}
  m_GameObject: {fileID: 780203958049041746}
  m_LocalRotation: {x: -0.0000000025236395, y: -0.0000000094560795, z: 0.15188675, w: 0.98839796}
  m_LocalPosition: {x: -0.08536366, y: 0, z: -1.1368684e-13}
  m_LocalScale: {x: 1.0000002, y: 1.0000002, z: 1}
  m_ConstrainProportionsScale: 0
  m_Children:
  - {fileID: 8164404693858341387}
  m_Father: {fileID: 8309766376873222271}
  m_RootOrder: 0
  m_LocalEulerAnglesHint: {x: 0, y: 0, z: 0}
--- !u!1 &999076058724226360
GameObject:
  m_ObjectHideFlags: 0
  m_CorrespondingSourceObject: {fileID: 0}
  m_PrefabInstance: {fileID: 0}
  m_PrefabAsset: {fileID: 0}
  serializedVersion: 6
  m_Component:
  - component: {fileID: 257260053536216520}
  m_Layer: 0
  m_Name: Base HumanRibcage
  m_TagString: Untagged
  m_Icon: {fileID: 0}
  m_NavMeshLayer: 0
  m_StaticEditorFlags: 0
  m_IsActive: 1
--- !u!4 &257260053536216520
Transform:
  m_ObjectHideFlags: 0
  m_CorrespondingSourceObject: {fileID: 0}
  m_PrefabInstance: {fileID: 0}
  m_PrefabAsset: {fileID: 0}
  m_GameObject: {fileID: 999076058724226360}
  m_LocalRotation: {x: 0.000000018450903, y: 0.00000008405101, z: -0.0871689, w: 0.9961936}
  m_LocalPosition: {x: -0.1354515, y: 0, z: 0}
  m_LocalScale: {x: 0.9999991, y: 0.9999993, z: 1.0000001}
  m_ConstrainProportionsScale: 0
  m_Children:
  - {fileID: 8480939760889810618}
  - {fileID: 2079397014631901309}
  - {fileID: 6445511486500201760}
  m_Father: {fileID: 8164404693858341387}
  m_RootOrder: 0
  m_LocalEulerAnglesHint: {x: 0, y: 0, z: 0}
--- !u!1 &1240089717539134591
GameObject:
  m_ObjectHideFlags: 0
  m_CorrespondingSourceObject: {fileID: 0}
  m_PrefabInstance: {fileID: 0}
  m_PrefabAsset: {fileID: 0}
  serializedVersion: 6
  m_Component:
  - component: {fileID: 1909103666702878405}
  - component: {fileID: 7961573916289303041}
  - component: {fileID: 6001675581957032939}
  - component: {fileID: 3164110773125141545}
  - component: {fileID: 220459011655087660}
  - component: {fileID: 7209765630317406007}
  m_Layer: 0
  m_Name: EnemyLevel2
  m_TagString: Enemy
  m_Icon: {fileID: 0}
  m_NavMeshLayer: 0
  m_StaticEditorFlags: 0
  m_IsActive: 1
--- !u!4 &1909103666702878405
Transform:
  m_ObjectHideFlags: 0
  m_CorrespondingSourceObject: {fileID: 0}
  m_PrefabInstance: {fileID: 0}
  m_PrefabAsset: {fileID: 0}
  m_GameObject: {fileID: 1240089717539134591}
  m_LocalRotation: {x: 0, y: 0, z: 0, w: 1}
  m_LocalPosition: {x: 0, y: 0.209, z: 0}
  m_LocalScale: {x: 1.6, y: 1.6, z: 1.6}
  m_ConstrainProportionsScale: 0
  m_Children:
  - {fileID: 6152576750430493497}
  - {fileID: 2032337892899753873}
  - {fileID: 4428448395091037137}
  - {fileID: 2696239492038180265}
  - {fileID: 7188566719128882591}
  m_Father: {fileID: 0}
  m_RootOrder: 0
  m_LocalEulerAnglesHint: {x: 0, y: 0, z: 0}
--- !u!95 &7961573916289303041
Animator:
  serializedVersion: 4
  m_ObjectHideFlags: 0
  m_CorrespondingSourceObject: {fileID: 0}
  m_PrefabInstance: {fileID: 0}
  m_PrefabAsset: {fileID: 0}
  m_GameObject: {fileID: 1240089717539134591}
  m_Enabled: 1
  m_Avatar: {fileID: 0}
  m_Controller: {fileID: 9100000, guid: 8d456001aba8b76478cd18804ea8381d, type: 2}
  m_CullingMode: 0
  m_UpdateMode: 0
  m_ApplyRootMotion: 0
  m_LinearVelocityBlending: 0
  m_StabilizeFeet: 0
  m_WarningMessage: 
  m_HasTransformHierarchy: 1
  m_AllowConstantClipSamplingOptimization: 1
  m_KeepAnimatorControllerStateOnDisable: 0
--- !u!54 &6001675581957032939
Rigidbody:
  m_ObjectHideFlags: 0
  m_CorrespondingSourceObject: {fileID: 0}
  m_PrefabInstance: {fileID: 0}
  m_PrefabAsset: {fileID: 0}
  m_GameObject: {fileID: 1240089717539134591}
  serializedVersion: 2
  m_Mass: 1
  m_Drag: 0
  m_AngularDrag: 0.05
  m_UseGravity: 1
  m_IsKinematic: 0
  m_Interpolate: 0
  m_Constraints: 112
  m_CollisionDetection: 3
--- !u!65 &3164110773125141545
BoxCollider:
  m_ObjectHideFlags: 0
  m_CorrespondingSourceObject: {fileID: 0}
  m_PrefabInstance: {fileID: 0}
  m_PrefabAsset: {fileID: 0}
  m_GameObject: {fileID: 1240089717539134591}
  m_Material: {fileID: 0}
  m_IsTrigger: 0
  m_Enabled: 1
  serializedVersion: 2
  m_Size: {x: 1.03, y: 0.77715874, z: 0.46579856}
  m_Center: {x: 0, y: 0.5312997, z: 0.012083501}
--- !u!114 &220459011655087660
MonoBehaviour:
  m_ObjectHideFlags: 0
  m_CorrespondingSourceObject: {fileID: 0}
  m_PrefabInstance: {fileID: 0}
  m_PrefabAsset: {fileID: 0}
  m_GameObject: {fileID: 1240089717539134591}
  m_Enabled: 1
  m_EditorHideFlags: 0
  m_Script: {fileID: 11500000, guid: 6d498e78e3e0e114097e349b60ee2d17, type: 3}
  m_Name: 
  m_EditorClassIdentifier: 
  _enemyVisualsHandler: {fileID: 7209765630317406007}
  _ragdollRigidBody:
  - {fileID: 495144026073179927}
  - {fileID: 8411370870850851679}
  - {fileID: 6834159691246933383}
  - {fileID: 3067968823664046210}
  - {fileID: 9135653677760262109}
  - {fileID: 5275949248021525384}
  - {fileID: 1256262737831495561}
  _boxCollider: {fileID: 3164110773125141545}
  _rigidBody: {fileID: 6001675581957032939}
--- !u!114 &7209765630317406007
MonoBehaviour:
  m_ObjectHideFlags: 0
  m_CorrespondingSourceObject: {fileID: 0}
  m_PrefabInstance: {fileID: 0}
  m_PrefabAsset: {fileID: 0}
  m_GameObject: {fileID: 1240089717539134591}
  m_Enabled: 1
  m_EditorHideFlags: 0
  m_Script: {fileID: 11500000, guid: 208e62f528ce4b3baad058d733e3acb8, type: 3}
  m_Name: 
  m_EditorClassIdentifier: 
  _animator: {fileID: 7961573916289303041}
  _charge: {fileID: 841759321362721722}
  _fire: {fileID: 5938261723468789879}
--- !u!1 &1364036215269469150
GameObject:
  m_ObjectHideFlags: 0
  m_CorrespondingSourceObject: {fileID: 0}
  m_PrefabInstance: {fileID: 0}
  m_PrefabAsset: {fileID: 0}
  serializedVersion: 6
  m_Component:
  - component: {fileID: 2353741541736149487}
  - component: {fileID: 3028165801334845738}
  - component: {fileID: 3067968823664046210}
  - component: {fileID: 8596379897213064154}
  m_Layer: 0
  m_Name: Base HumanLForearm
  m_TagString: Untagged
  m_Icon: {fileID: 0}
  m_NavMeshLayer: 0
  m_StaticEditorFlags: 0
  m_IsActive: 1
--- !u!4 &2353741541736149487
Transform:
  m_ObjectHideFlags: 0
  m_CorrespondingSourceObject: {fileID: 0}
  m_PrefabInstance: {fileID: 0}
  m_PrefabAsset: {fileID: 0}
  m_GameObject: {fileID: 1364036215269469150}
  m_LocalRotation: {x: 0.012432127, y: -0.021112217, z: -0.0060444656, w: 0.99968153}
  m_LocalPosition: {x: -0.18011759, y: 0.0000000018626451, z: 0}
  m_LocalScale: {x: 1.0000051, y: 0.99999464, z: 1}
  m_ConstrainProportionsScale: 0
  m_Children:
  - {fileID: 5046925965132646870}
  m_Father: {fileID: 705823572783910997}
  m_RootOrder: 0
  m_LocalEulerAnglesHint: {x: 0, y: 0, z: 0}
--- !u!136 &3028165801334845738
CapsuleCollider:
  m_ObjectHideFlags: 0
  m_CorrespondingSourceObject: {fileID: 0}
  m_PrefabInstance: {fileID: 0}
  m_PrefabAsset: {fileID: 0}
  m_GameObject: {fileID: 1364036215269469150}
  m_Material: {fileID: 0}
  m_IsTrigger: 0
  m_Enabled: 1
  m_Radius: 0.03323316
  m_Height: 0.16616578
  m_Direction: 0
  m_Center: {x: -0.08308289, y: 0, z: 0}
--- !u!54 &3067968823664046210
Rigidbody:
  m_ObjectHideFlags: 0
  m_CorrespondingSourceObject: {fileID: 0}
  m_PrefabInstance: {fileID: 0}
  m_PrefabAsset: {fileID: 0}
  m_GameObject: {fileID: 1364036215269469150}
  serializedVersion: 2
  m_Mass: 1.25
  m_Drag: 0
  m_AngularDrag: 0.05
  m_UseGravity: 1
  m_IsKinematic: 0
  m_Interpolate: 0
  m_Constraints: 0
  m_CollisionDetection: 0
--- !u!144 &8596379897213064154
CharacterJoint:
  m_ObjectHideFlags: 0
  m_CorrespondingSourceObject: {fileID: 0}
  m_PrefabInstance: {fileID: 0}
  m_PrefabAsset: {fileID: 0}
  m_GameObject: {fileID: 1364036215269469150}
  m_ConnectedBody: {fileID: 6834159691246933383}
  m_ConnectedArticulationBody: {fileID: 0}
  m_Anchor: {x: 0, y: 0, z: 0}
  m_Axis: {x: 0, y: 1, z: 0}
  m_AutoConfigureConnectedAnchor: 1
  m_ConnectedAnchor: {x: -0.1801176, y: -0.000000007450592, z: 0.000000006053598}
  serializedVersion: 2
  m_SwingAxis: {x: 0, y: 0, z: -1}
  m_TwistLimitSpring:
    spring: 0
    damper: 0
  m_LowTwistLimit:
    limit: -90
    bounciness: 0
    contactDistance: 0
  m_HighTwistLimit:
    limit: 0
    bounciness: 0
    contactDistance: 0
  m_SwingLimitSpring:
    spring: 0
    damper: 0
  m_Swing1Limit:
    limit: 0
    bounciness: 0
    contactDistance: 0
  m_Swing2Limit:
    limit: 0
    bounciness: 0
    contactDistance: 0
  m_EnableProjection: 0
  m_ProjectionDistance: 0.1
  m_ProjectionAngle: 180
  m_BreakForce: Infinity
  m_BreakTorque: Infinity
  m_EnableCollision: 0
  m_EnablePreprocessing: 0
  m_MassScale: 1
  m_ConnectedMassScale: 1
--- !u!1 &1705505438479191234
GameObject:
  m_ObjectHideFlags: 0
  m_CorrespondingSourceObject: {fileID: 0}
  m_PrefabInstance: {fileID: 0}
  m_PrefabAsset: {fileID: 0}
  serializedVersion: 6
  m_Component:
  - component: {fileID: 1285844047469656046}
  - component: {fileID: 1343696443468389253}
  - component: {fileID: 5275949248021525384}
  - component: {fileID: 8210314418401929086}
  m_Layer: 0
  m_Name: Base HumanRUpperarm
  m_TagString: Untagged
  m_Icon: {fileID: 0}
  m_NavMeshLayer: 0
  m_StaticEditorFlags: 0
  m_IsActive: 1
--- !u!4 &1285844047469656046
Transform:
  m_ObjectHideFlags: 0
  m_CorrespondingSourceObject: {fileID: 0}
  m_PrefabInstance: {fileID: 0}
  m_PrefabAsset: {fileID: 0}
  m_GameObject: {fileID: 1705505438479191234}
  m_LocalRotation: {x: -0.15843567, y: 0.1487094, z: -0.06991761, w: 0.97359914}
  m_LocalPosition: {x: -0.14977753, y: 0, z: 0.000000059604645}
  m_LocalScale: {x: 1.0000019, y: 0.9999983, z: 0.9999998}
  m_ConstrainProportionsScale: 0
  m_Children:
  - {fileID: 28877695874084909}
  m_Father: {fileID: 6445511486500201760}
  m_RootOrder: 0
  m_LocalEulerAnglesHint: {x: 0, y: 0, z: 0}
--- !u!136 &1343696443468389253
CapsuleCollider:
  m_ObjectHideFlags: 0
  m_CorrespondingSourceObject: {fileID: 0}
  m_PrefabInstance: {fileID: 0}
  m_PrefabAsset: {fileID: 0}
  m_GameObject: {fileID: 1705505438479191234}
  m_Material: {fileID: 0}
  m_IsTrigger: 0
  m_Enabled: 1
  m_Radius: 0.0450294
  m_Height: 0.1801176
  m_Direction: 0
  m_Center: {x: -0.0900588, y: 0, z: 0}
--- !u!54 &5275949248021525384
Rigidbody:
  m_ObjectHideFlags: 0
  m_CorrespondingSourceObject: {fileID: 0}
  m_PrefabInstance: {fileID: 0}
  m_PrefabAsset: {fileID: 0}
  m_GameObject: {fileID: 1705505438479191234}
  serializedVersion: 2
  m_Mass: 1.25
  m_Drag: 0
  m_AngularDrag: 0.05
  m_UseGravity: 1
  m_IsKinematic: 0
  m_Interpolate: 0
  m_Constraints: 0
  m_CollisionDetection: 0
--- !u!144 &8210314418401929086
CharacterJoint:
  m_ObjectHideFlags: 0
  m_CorrespondingSourceObject: {fileID: 0}
  m_PrefabInstance: {fileID: 0}
  m_PrefabAsset: {fileID: 0}
  m_GameObject: {fileID: 1705505438479191234}
  m_ConnectedBody: {fileID: 8411370870850851679}
  m_ConnectedArticulationBody: {fileID: 0}
  m_Anchor: {x: 0, y: 0, z: 0}
  m_Axis: {x: 0, y: 0, z: 1}
  m_AutoConfigureConnectedAnchor: 1
  m_ConnectedAnchor: {x: -0.24679525, y: -0.016602553, z: -0.18184629}
  serializedVersion: 2
  m_SwingAxis: {x: 0, y: 1, z: 0}
  m_TwistLimitSpring:
    spring: 0
    damper: 0
  m_LowTwistLimit:
    limit: -70
    bounciness: 0
    contactDistance: 0
  m_HighTwistLimit:
    limit: 10
    bounciness: 0
    contactDistance: 0
  m_SwingLimitSpring:
    spring: 0
    damper: 0
  m_Swing1Limit:
    limit: 50
    bounciness: 0
    contactDistance: 0
  m_Swing2Limit:
    limit: 0
    bounciness: 0
    contactDistance: 0
  m_EnableProjection: 0
  m_ProjectionDistance: 0.1
  m_ProjectionAngle: 180
  m_BreakForce: Infinity
  m_BreakTorque: Infinity
  m_EnableCollision: 0
  m_EnablePreprocessing: 0
  m_MassScale: 1
  m_ConnectedMassScale: 1
--- !u!1 &2245341582542260919
GameObject:
  m_ObjectHideFlags: 0
  m_CorrespondingSourceObject: {fileID: 0}
  m_PrefabInstance: {fileID: 0}
  m_PrefabAsset: {fileID: 0}
  serializedVersion: 6
  m_Component:
  - component: {fileID: 311342786622206934}
  m_Layer: 0
  m_Name: Base HumanRFoot
  m_TagString: Untagged
  m_Icon: {fileID: 0}
  m_NavMeshLayer: 0
  m_StaticEditorFlags: 0
  m_IsActive: 1
--- !u!4 &311342786622206934
Transform:
  m_ObjectHideFlags: 0
  m_CorrespondingSourceObject: {fileID: 0}
  m_PrefabInstance: {fileID: 0}
  m_PrefabAsset: {fileID: 0}
  m_GameObject: {fileID: 2245341582542260919}
  m_LocalRotation: {x: 0.012220408, y: 0.0020929736, z: -0.79466194, w: 0.6069257}
  m_LocalPosition: {x: -0.20390858, y: 0.0000000037252903, z: 0}
  m_LocalScale: {x: 0.9999994, y: 1.000001, z: 1}
  m_ConstrainProportionsScale: 0
  m_Children: []
  m_Father: {fileID: 7571175959316424436}
  m_RootOrder: 0
  m_LocalEulerAnglesHint: {x: 0, y: 0, z: 0}
--- !u!1 &2395086314404757020
GameObject:
  m_ObjectHideFlags: 0
  m_CorrespondingSourceObject: {fileID: 0}
  m_PrefabInstance: {fileID: 0}
  m_PrefabAsset: {fileID: 0}
  serializedVersion: 6
  m_Component:
  - component: {fileID: 6152576750430493497}
  m_Layer: 0
  m_Name: Base Human
  m_TagString: Untagged
  m_Icon: {fileID: 0}
  m_NavMeshLayer: 0
  m_StaticEditorFlags: 0
  m_IsActive: 1
--- !u!4 &6152576750430493497
Transform:
  m_ObjectHideFlags: 0
  m_CorrespondingSourceObject: {fileID: 0}
  m_PrefabInstance: {fileID: 0}
  m_PrefabAsset: {fileID: 0}
  m_GameObject: {fileID: 2395086314404757020}
  m_LocalRotation: {x: 0.5000001, y: -0.5, z: -0.49999988, w: 0.5}
  m_LocalPosition: {x: -0, y: 0, z: 0}
  m_LocalScale: {x: 1, y: 1, z: 1}
  m_ConstrainProportionsScale: 0
  m_Children: []
  m_Father: {fileID: 1909103666702878405}
  m_RootOrder: 0
  m_LocalEulerAnglesHint: {x: 0, y: 0, z: 0}
--- !u!1 &2433154905501832084
GameObject:
  m_ObjectHideFlags: 0
  m_CorrespondingSourceObject: {fileID: 0}
  m_PrefabInstance: {fileID: 0}
  m_PrefabAsset: {fileID: 0}
  serializedVersion: 6
  m_Component:
  - component: {fileID: 8309766376873222271}
  - component: {fileID: 8411370870850851679}
  - component: {fileID: 3445321756123750691}
  - component: {fileID: 8476241260897589091}
  m_Layer: 0
  m_Name: Base HumanSpine1
  m_TagString: Untagged
  m_Icon: {fileID: 0}
  m_NavMeshLayer: 0
  m_StaticEditorFlags: 0
  m_IsActive: 1
--- !u!4 &8309766376873222271
Transform:
  m_ObjectHideFlags: 0
  m_CorrespondingSourceObject: {fileID: 0}
  m_PrefabInstance: {fileID: 0}
  m_PrefabAsset: {fileID: 0}
  m_GameObject: {fileID: 2433154905501832084}
  m_LocalRotation: {x: -7.69799e-10, y: 0.0000000034641774, z: -0.13909754, w: 0.99027866}
  m_LocalPosition: {x: -0.061085284, y: -0.0046736673, z: -0.000000011599241}
  m_LocalScale: {x: 1.0000004, y: 1.0000004, z: 0.99999994}
  m_ConstrainProportionsScale: 0
  m_Children:
  - {fileID: 7894388643048563006}
  m_Father: {fileID: 4428448395091037137}
  m_RootOrder: 2
  m_LocalEulerAnglesHint: {x: 0, y: 0, z: 0}
--- !u!54 &8411370870850851679
Rigidbody:
  m_ObjectHideFlags: 0
  m_CorrespondingSourceObject: {fileID: 0}
  m_PrefabInstance: {fileID: 0}
  m_PrefabAsset: {fileID: 0}
  m_GameObject: {fileID: 2433154905501832084}
  serializedVersion: 2
  m_Mass: 3.125
  m_Drag: 0
  m_AngularDrag: 0.05
  m_UseGravity: 1
  m_IsKinematic: 0
  m_Interpolate: 0
  m_Constraints: 0
  m_CollisionDetection: 0
--- !u!144 &3445321756123750691
CharacterJoint:
  m_ObjectHideFlags: 0
  m_CorrespondingSourceObject: {fileID: 0}
  m_PrefabInstance: {fileID: 0}
  m_PrefabAsset: {fileID: 0}
  m_GameObject: {fileID: 2433154905501832084}
  m_ConnectedBody: {fileID: 495144026073179927}
  m_ConnectedArticulationBody: {fileID: 0}
  m_Anchor: {x: 0, y: 0, z: 0}
  m_Axis: {x: 0, y: 0, z: -1}
  m_AutoConfigureConnectedAnchor: 1
  m_ConnectedAnchor: {x: -0.06108527, y: -0.0046736673, z: -0.000000013504177}
  serializedVersion: 2
  m_SwingAxis: {x: 0, y: 1, z: 0}
  m_TwistLimitSpring:
    spring: 0
    damper: 0
  m_LowTwistLimit:
    limit: -20
    bounciness: 0
    contactDistance: 0
  m_HighTwistLimit:
    limit: 20
    bounciness: 0
    contactDistance: 0
  m_SwingLimitSpring:
    spring: 0
    damper: 0
  m_Swing1Limit:
    limit: 10
    bounciness: 0
    contactDistance: 0
  m_Swing2Limit:
    limit: 0
    bounciness: 0
    contactDistance: 0
  m_EnableProjection: 0
  m_ProjectionDistance: 0.1
  m_ProjectionAngle: 180
  m_BreakForce: Infinity
  m_BreakTorque: Infinity
  m_EnableCollision: 0
  m_EnablePreprocessing: 0
  m_MassScale: 1
  m_ConnectedMassScale: 1
--- !u!135 &8476241260897589091
SphereCollider:
  m_ObjectHideFlags: 0
  m_CorrespondingSourceObject: {fileID: 0}
  m_PrefabInstance: {fileID: 0}
  m_PrefabAsset: {fileID: 0}
  m_GameObject: {fileID: 2433154905501832084}
  m_Material: {fileID: 0}
  m_IsTrigger: 0
  m_Enabled: 1
  serializedVersion: 2
  m_Radius: 0.1708509
  m_Center: {x: -0.29161975, y: 0.00000092988705, z: 0}
--- !u!1 &2870197289447596268
GameObject:
  m_ObjectHideFlags: 0
  m_CorrespondingSourceObject: {fileID: 0}
  m_PrefabInstance: {fileID: 0}
  m_PrefabAsset: {fileID: 0}
  serializedVersion: 6
  m_Component:
  - component: {fileID: 3536446385060076132}
  m_Layer: 0
  m_Name: Base HumanRPalm
  m_TagString: Untagged
  m_Icon: {fileID: 0}
  m_NavMeshLayer: 0
  m_StaticEditorFlags: 0
  m_IsActive: 1
--- !u!4 &3536446385060076132
Transform:
  m_ObjectHideFlags: 0
  m_CorrespondingSourceObject: {fileID: 0}
  m_PrefabInstance: {fileID: 0}
  m_PrefabAsset: {fileID: 0}
  m_GameObject: {fileID: 2870197289447596268}
  m_LocalRotation: {x: 0.6927102, y: -0.037100155, z: -0.013852582, w: 0.72012794}
  m_LocalPosition: {x: -0.16616589, y: -4.656613e-10, z: 0.000000059604645}
  m_LocalScale: {x: 1.000016, y: 0.99999326, z: 0.99999005}
  m_ConstrainProportionsScale: 0
  m_Children: []
  m_Father: {fileID: 28877695874084909}
  m_RootOrder: 0
  m_LocalEulerAnglesHint: {x: 0, y: 0, z: 0}
--- !u!1 &3172464278104177557
GameObject:
  m_ObjectHideFlags: 0
  m_CorrespondingSourceObject: {fileID: 0}
  m_PrefabInstance: {fileID: 0}
  m_PrefabAsset: {fileID: 0}
  serializedVersion: 6
  m_Component:
  - component: {fileID: 7571175959316424436}
  - component: {fileID: 5380694717086532209}
  - component: {fileID: 861891995181588006}
  - component: {fileID: 6161353239381231339}
  m_Layer: 0
  m_Name: Base HumanRCalf
  m_TagString: Untagged
  m_Icon: {fileID: 0}
  m_NavMeshLayer: 0
  m_StaticEditorFlags: 0
  m_IsActive: 1
--- !u!4 &7571175959316424436
Transform:
  m_ObjectHideFlags: 0
  m_CorrespondingSourceObject: {fileID: 0}
  m_PrefabInstance: {fileID: 0}
  m_PrefabAsset: {fileID: 0}
  m_GameObject: {fileID: 3172464278104177557}
  m_LocalRotation: {x: -0.009552173, y: 0.01265804, z: 0.14702821, w: 0.9890052}
  m_LocalPosition: {x: -0.17732255, y: 0.000000035390258, z: 0.000000067055225}
  m_LocalScale: {x: 0.9999997, y: 1.0000001, z: 1.0000001}
  m_ConstrainProportionsScale: 0
  m_Children:
  - {fileID: 311342786622206934}
  m_Father: {fileID: 1943017367644156811}
  m_RootOrder: 0
  m_LocalEulerAnglesHint: {x: 0, y: 0, z: 0}
--- !u!136 &5380694717086532209
CapsuleCollider:
  m_ObjectHideFlags: 0
  m_CorrespondingSourceObject: {fileID: 0}
  m_PrefabInstance: {fileID: 0}
  m_PrefabAsset: {fileID: 0}
  m_GameObject: {fileID: 3172464278104177557}
  m_Material: {fileID: 0}
  m_IsTrigger: 0
  m_Enabled: 0
  m_Radius: 0.050977144
  m_Height: 0.20390858
  m_Direction: 0
  m_Center: {x: -0.10195429, y: 0, z: 0}
--- !u!54 &861891995181588006
Rigidbody:
  m_ObjectHideFlags: 0
  m_CorrespondingSourceObject: {fileID: 0}
  m_PrefabInstance: {fileID: 0}
  m_PrefabAsset: {fileID: 0}
  m_GameObject: {fileID: 3172464278104177557}
  serializedVersion: 2
  m_Mass: 1.875
  m_Drag: 0
  m_AngularDrag: 0.05
  m_UseGravity: 1
  m_IsKinematic: 0
  m_Interpolate: 0
  m_Constraints: 0
  m_CollisionDetection: 0
--- !u!144 &6161353239381231339
CharacterJoint:
  m_ObjectHideFlags: 0
  m_CorrespondingSourceObject: {fileID: 0}
  m_PrefabInstance: {fileID: 0}
  m_PrefabAsset: {fileID: 0}
  m_GameObject: {fileID: 3172464278104177557}
  m_ConnectedBody: {fileID: 1314412062546452357}
  m_ConnectedArticulationBody: {fileID: 0}
  m_Anchor: {x: 0, y: 0, z: 0}
  m_Axis: {x: 0, y: 0, z: 1}
  m_AutoConfigureConnectedAnchor: 1
  m_ConnectedAnchor: {x: -0.17732254, y: 0.000000025356707, z: 0.00000006100162}
  serializedVersion: 2
  m_SwingAxis: {x: 0, y: 1, z: 0}
  m_TwistLimitSpring:
    spring: 0
    damper: 0
  m_LowTwistLimit:
    limit: -80
    bounciness: 0
    contactDistance: 0
  m_HighTwistLimit:
    limit: 0
    bounciness: 0
    contactDistance: 0
  m_SwingLimitSpring:
    spring: 0
    damper: 0
  m_Swing1Limit:
    limit: 0
    bounciness: 0
    contactDistance: 0
  m_Swing2Limit:
    limit: 0
    bounciness: 0
    contactDistance: 0
  m_EnableProjection: 0
  m_ProjectionDistance: 0.1
  m_ProjectionAngle: 180
  m_BreakForce: Infinity
  m_BreakTorque: Infinity
  m_EnableCollision: 0
  m_EnablePreprocessing: 0
  m_MassScale: 1
  m_ConnectedMassScale: 1
--- !u!1 &3281290204046147937
GameObject:
  m_ObjectHideFlags: 0
  m_CorrespondingSourceObject: {fileID: 0}
  m_PrefabInstance: {fileID: 0}
  m_PrefabAsset: {fileID: 0}
  serializedVersion: 6
  m_Component:
  - component: {fileID: 2788868523226927160}
  - component: {fileID: 9135653677760262109}
  - component: {fileID: 4586668300707383588}
  m_Layer: 0
  m_Name: Base HumanHead
  m_TagString: Untagged
  m_Icon: {fileID: 0}
  m_NavMeshLayer: 0
  m_StaticEditorFlags: 0
  m_IsActive: 1
--- !u!4 &2788868523226927160
Transform:
  m_ObjectHideFlags: 0
  m_CorrespondingSourceObject: {fileID: 0}
  m_PrefabInstance: {fileID: 0}
  m_PrefabAsset: {fileID: 0}
  m_GameObject: {fileID: 3281290204046147937}
  m_LocalRotation: {x: 9.5009896e-11, y: 0.000000006510148, z: -0.0007610836, w: 0.9999997}
  m_LocalPosition: {x: -0.044692516, y: 0, z: 0}
  m_LocalScale: {x: 0.99999994, y: 1, z: 1.0000001}
  m_ConstrainProportionsScale: 0
  m_Children: []
  m_Father: {fileID: 2079397014631901309}
  m_RootOrder: 0
  m_LocalEulerAnglesHint: {x: 0, y: 0, z: 0}
--- !u!54 &9135653677760262109
Rigidbody:
  m_ObjectHideFlags: 0
  m_CorrespondingSourceObject: {fileID: 0}
  m_PrefabInstance: {fileID: 0}
  m_PrefabAsset: {fileID: 0}
  m_GameObject: {fileID: 3281290204046147937}
  serializedVersion: 2
  m_Mass: 1.25
  m_Drag: 0
  m_AngularDrag: 0.05
  m_UseGravity: 1
  m_IsKinematic: 0
  m_Interpolate: 0
  m_Constraints: 0
  m_CollisionDetection: 0
--- !u!144 &4586668300707383588
CharacterJoint:
  m_ObjectHideFlags: 0
  m_CorrespondingSourceObject: {fileID: 0}
  m_PrefabInstance: {fileID: 0}
  m_PrefabAsset: {fileID: 0}
  m_GameObject: {fileID: 3281290204046147937}
  m_ConnectedBody: {fileID: 8411370870850851679}
  m_ConnectedArticulationBody: {fileID: 0}
  m_Anchor: {x: 0, y: 0, z: 0}
  m_Axis: {x: 0, y: 0, z: -1}
  m_AutoConfigureConnectedAnchor: 1
  m_ConnectedAnchor: {x: -0.34088954, y: -0.10553634, z: -0.00000003470138}
  serializedVersion: 2
  m_SwingAxis: {x: 0, y: 1, z: 0}
  m_TwistLimitSpring:
    spring: 0
    damper: 0
  m_LowTwistLimit:
    limit: -40
    bounciness: 0
    contactDistance: 0
  m_HighTwistLimit:
    limit: 25
    bounciness: 0
    contactDistance: 0
  m_SwingLimitSpring:
    spring: 0
    damper: 0
  m_Swing1Limit:
    limit: 25
    bounciness: 0
    contactDistance: 0
  m_Swing2Limit:
    limit: 0
    bounciness: 0
    contactDistance: 0
  m_EnableProjection: 0
  m_ProjectionDistance: 0.1
  m_ProjectionAngle: 180
  m_BreakForce: Infinity
  m_BreakTorque: Infinity
  m_EnableCollision: 0
  m_EnablePreprocessing: 0
  m_MassScale: 1
  m_ConnectedMassScale: 1
--- !u!1 &4169848990637056156
GameObject:
  m_ObjectHideFlags: 0
  m_CorrespondingSourceObject: {fileID: 0}
  m_PrefabInstance: {fileID: 0}
  m_PrefabAsset: {fileID: 0}
  serializedVersion: 6
  m_Component:
  - component: {fileID: 4936283683846116555}
  - component: {fileID: 6105619111323986726}
  - component: {fileID: 2169897808879490513}
  - component: {fileID: 665340410303647177}
  m_Layer: 0
  m_Name: Base HumanLCalf
  m_TagString: Untagged
  m_Icon: {fileID: 0}
  m_NavMeshLayer: 0
  m_StaticEditorFlags: 0
  m_IsActive: 1
--- !u!4 &4936283683846116555
Transform:
  m_ObjectHideFlags: 0
  m_CorrespondingSourceObject: {fileID: 0}
  m_PrefabInstance: {fileID: 0}
  m_PrefabAsset: {fileID: 0}
  m_GameObject: {fileID: 4169848990637056156}
  m_LocalRotation: {x: 0.009605418, y: -0.013099092, z: 0.14730693, w: 0.98895746}
  m_LocalPosition: {x: -0.17732257, y: 0.000000039115548, z: -0.00000009685755}
  m_LocalScale: {x: 1.0000001, y: 0.99999994, z: 1}
  m_ConstrainProportionsScale: 0
  m_Children:
  - {fileID: 3434266770100158242}
  m_Father: {fileID: 8493507216147599245}
  m_RootOrder: 0
  m_LocalEulerAnglesHint: {x: 0, y: 0, z: 0}
--- !u!136 &6105619111323986726
CapsuleCollider:
  m_ObjectHideFlags: 0
  m_CorrespondingSourceObject: {fileID: 0}
  m_PrefabInstance: {fileID: 0}
  m_PrefabAsset: {fileID: 0}
  m_GameObject: {fileID: 4169848990637056156}
  m_Material: {fileID: 0}
  m_IsTrigger: 0
  m_Enabled: 0
  m_Radius: 0.050977167
  m_Height: 0.20390867
  m_Direction: 0
  m_Center: {x: -0.10195433, y: 0, z: 0}
--- !u!54 &2169897808879490513
Rigidbody:
  m_ObjectHideFlags: 0
  m_CorrespondingSourceObject: {fileID: 0}
  m_PrefabInstance: {fileID: 0}
  m_PrefabAsset: {fileID: 0}
  m_GameObject: {fileID: 4169848990637056156}
  serializedVersion: 2
  m_Mass: 1.875
  m_Drag: 0
  m_AngularDrag: 0.05
  m_UseGravity: 1
  m_IsKinematic: 0
  m_Interpolate: 0
  m_Constraints: 0
  m_CollisionDetection: 0
--- !u!144 &665340410303647177
CharacterJoint:
  m_ObjectHideFlags: 0
  m_CorrespondingSourceObject: {fileID: 0}
  m_PrefabInstance: {fileID: 0}
  m_PrefabAsset: {fileID: 0}
  m_GameObject: {fileID: 4169848990637056156}
  m_ConnectedBody: {fileID: 8696697496660899669}
  m_ConnectedArticulationBody: {fileID: 0}
  m_Anchor: {x: 0, y: 0, z: 0}
  m_Axis: {x: 0, y: 0, z: 1}
  m_AutoConfigureConnectedAnchor: 1
  m_ConnectedAnchor: {x: -0.1773226, y: 0.000000037918657, z: -0.00000011501834}
  serializedVersion: 2
  m_SwingAxis: {x: 0, y: 1, z: 0}
  m_TwistLimitSpring:
    spring: 0
    damper: 0
  m_LowTwistLimit:
    limit: -80
    bounciness: 0
    contactDistance: 0
  m_HighTwistLimit:
    limit: 0
    bounciness: 0
    contactDistance: 0
  m_SwingLimitSpring:
    spring: 0
    damper: 0
  m_Swing1Limit:
    limit: 0
    bounciness: 0
    contactDistance: 0
  m_Swing2Limit:
    limit: 0
    bounciness: 0
    contactDistance: 0
  m_EnableProjection: 0
  m_ProjectionDistance: 0.1
  m_ProjectionAngle: 180
  m_BreakForce: Infinity
  m_BreakTorque: Infinity
  m_EnableCollision: 0
  m_EnablePreprocessing: 0
  m_MassScale: 1
  m_ConnectedMassScale: 1
--- !u!1 &4758613979040038181
GameObject:
  m_ObjectHideFlags: 0
  m_CorrespondingSourceObject: {fileID: 0}
  m_PrefabInstance: {fileID: 0}
  m_PrefabAsset: {fileID: 0}
  serializedVersion: 6
  m_Component:
  - component: {fileID: 8493507216147599245}
  - component: {fileID: 2630056977967285159}
  - component: {fileID: 8696697496660899669}
  - component: {fileID: 1518390960587185078}
  m_Layer: 0
  m_Name: Base HumanLThigh
  m_TagString: Untagged
  m_Icon: {fileID: 0}
  m_NavMeshLayer: 0
  m_StaticEditorFlags: 0
  m_IsActive: 1
--- !u!4 &8493507216147599245
Transform:
  m_ObjectHideFlags: 0
  m_CorrespondingSourceObject: {fileID: 0}
  m_PrefabInstance: {fileID: 0}
  m_PrefabAsset: {fileID: 0}
  m_GameObject: {fileID: 4758613979040038181}
  m_LocalRotation: {x: -0.029703878, y: 0.99954236, z: 0.00011356557, w: -0.0057263393}
  m_LocalPosition: {x: -0.023089439, y: 0.04028188, z: 0.077861376}
  m_LocalScale: {x: 0.9999999, y: 0.99999994, z: 1}
  m_ConstrainProportionsScale: 0
  m_Children:
  - {fileID: 4936283683846116555}
  m_Father: {fileID: 4428448395091037137}
  m_RootOrder: 0
  m_LocalEulerAnglesHint: {x: 0, y: 0, z: 0}
--- !u!136 &2630056977967285159
CapsuleCollider:
  m_ObjectHideFlags: 0
  m_CorrespondingSourceObject: {fileID: 0}
  m_PrefabInstance: {fileID: 0}
  m_PrefabAsset: {fileID: 0}
  m_GameObject: {fileID: 4758613979040038181}
  m_Material: {fileID: 0}
  m_IsTrigger: 0
  m_Enabled: 0
  m_Radius: 0.05319679
  m_Height: 0.17732263
  m_Direction: 0
  m_Center: {x: -0.08866131, y: 0, z: 0}
--- !u!54 &8696697496660899669
Rigidbody:
  m_ObjectHideFlags: 0
  m_CorrespondingSourceObject: {fileID: 0}
  m_PrefabInstance: {fileID: 0}
  m_PrefabAsset: {fileID: 0}
  m_GameObject: {fileID: 4758613979040038181}
  serializedVersion: 2
  m_Mass: 1.875
  m_Drag: 0
  m_AngularDrag: 0.05
  m_UseGravity: 1
  m_IsKinematic: 0
  m_Interpolate: 0
  m_Constraints: 0
  m_CollisionDetection: 0
--- !u!144 &1518390960587185078
CharacterJoint:
  m_ObjectHideFlags: 0
  m_CorrespondingSourceObject: {fileID: 0}
  m_PrefabInstance: {fileID: 0}
  m_PrefabAsset: {fileID: 0}
  m_GameObject: {fileID: 4758613979040038181}
  m_ConnectedBody: {fileID: 495144026073179927}
  m_ConnectedArticulationBody: {fileID: 0}
  m_Anchor: {x: 0, y: 0, z: 0}
  m_Axis: {x: 0, y: 0, z: 1}
  m_AutoConfigureConnectedAnchor: 1
  m_ConnectedAnchor: {x: -0.023089465, y: 0.040281877, z: 0.07786137}
  serializedVersion: 2
  m_SwingAxis: {x: 0, y: 1, z: 0}
  m_TwistLimitSpring:
    spring: 0
    damper: 0
  m_LowTwistLimit:
    limit: -20
    bounciness: 0
    contactDistance: 0
  m_HighTwistLimit:
    limit: 70
    bounciness: 0
    contactDistance: 0
  m_SwingLimitSpring:
    spring: 0
    damper: 0
  m_Swing1Limit:
    limit: 30
    bounciness: 0
    contactDistance: 0
  m_Swing2Limit:
    limit: 0
    bounciness: 0
    contactDistance: 0
  m_EnableProjection: 0
  m_ProjectionDistance: 0.1
  m_ProjectionAngle: 180
  m_BreakForce: Infinity
  m_BreakTorque: Infinity
  m_EnableCollision: 0
  m_EnablePreprocessing: 0
  m_MassScale: 1
  m_ConnectedMassScale: 1
--- !u!1 &5023965483547744728
GameObject:
  m_ObjectHideFlags: 0
  m_CorrespondingSourceObject: {fileID: 0}
  m_PrefabInstance: {fileID: 0}
  m_PrefabAsset: {fileID: 0}
  serializedVersion: 6
  m_Component:
  - component: {fileID: 7188566719128882591}
  - component: {fileID: 8980127771920248825}
  m_Layer: 0
  m_Name: Rob_3
  m_TagString: Untagged
  m_Icon: {fileID: 0}
  m_NavMeshLayer: 0
  m_StaticEditorFlags: 0
  m_IsActive: 1
--- !u!4 &7188566719128882591
Transform:
  m_ObjectHideFlags: 0
  m_CorrespondingSourceObject: {fileID: 0}
  m_PrefabInstance: {fileID: 0}
  m_PrefabAsset: {fileID: 0}
  m_GameObject: {fileID: 5023965483547744728}
  m_LocalRotation: {x: 0.00000006657903, y: -0, z: -0, w: 1}
  m_LocalPosition: {x: -0, y: 0.7279968, z: 0}
  m_LocalScale: {x: 1, y: 1, z: 1}
  m_ConstrainProportionsScale: 0
  m_Children: []
  m_Father: {fileID: 1909103666702878405}
  m_RootOrder: 4
  m_LocalEulerAnglesHint: {x: 0, y: 0, z: 0}
--- !u!137 &8980127771920248825
SkinnedMeshRenderer:
  m_ObjectHideFlags: 0
  m_CorrespondingSourceObject: {fileID: 0}
  m_PrefabInstance: {fileID: 0}
  m_PrefabAsset: {fileID: 0}
  m_GameObject: {fileID: 5023965483547744728}
  m_Enabled: 1
  m_CastShadows: 1
  m_ReceiveShadows: 1
  m_DynamicOccludee: 1
  m_StaticShadowCaster: 0
  m_MotionVectors: 1
  m_LightProbeUsage: 1
  m_ReflectionProbeUsage: 1
  m_RayTracingMode: 3
  m_RayTraceProcedural: 0
  m_RenderingLayerMask: 1
  m_RendererPriority: 0
  m_Materials:
  - {fileID: 2100000, guid: 4377d5838d835944eb92c02fa17ce726, type: 2}
  - {fileID: 2100000, guid: 7a01aca0b89db584e94547dadd4c3492, type: 2}
  - {fileID: 2100000, guid: 2111857585f990744b3ed0db2b691709, type: 2}
  m_StaticBatchInfo:
    firstSubMesh: 0
    subMeshCount: 0
  m_StaticBatchRoot: {fileID: 0}
  m_ProbeAnchor: {fileID: 0}
  m_LightProbeVolumeOverride: {fileID: 0}
  m_ScaleInLightmap: 1
  m_ReceiveGI: 1
  m_PreserveUVs: 0
  m_IgnoreNormalsForChartDetection: 0
  m_ImportantGI: 0
  m_StitchLightmapSeams: 1
  m_SelectedEditorRenderState: 3
  m_MinimumChartSize: 4
  m_AutoUVMaxDistance: 0.5
  m_AutoUVMaxAngle: 89
  m_LightmapParameters: {fileID: 0}
  m_SortingLayerID: 0
  m_SortingLayer: 0
  m_SortingOrder: 0
  serializedVersion: 2
  m_Quality: 0
  m_UpdateWhenOffscreen: 0
  m_SkinnedMotionVectors: 1
  m_Mesh: {fileID: -2652513215878129940, guid: b23b0cc8a3f12c248bd3bd988aa198ad, type: 3}
  m_Bones:
  - {fileID: 6152576750430493497}
  - {fileID: 257260053536216520}
  - {fileID: 2788868523226927160}
  - {fileID: 1285844047469656046}
  - {fileID: 6445511486500201760}
  - {fileID: 7894388643048563006}
  - {fileID: 8164404693858341387}
  - {fileID: 8309766376873222271}
  - {fileID: 2079397014631901309}
  - {fileID: 705823572783910997}
  - {fileID: 8480939760889810618}
  - {fileID: 2353741541736149487}
  - {fileID: 5046925965132646870}
  - {fileID: 28877695874084909}
  - {fileID: 3536446385060076132}
  m_BlendShapeWeights: []
  m_RootBone: {fileID: 8309766376873222271}
  m_AABB:
    m_Center: {x: -0.30788353, y: -0.038326748, z: 0.00039365888}
    m_Extent: {x: 0.23098621, y: 0.25611746, z: 0.6124387}
  m_DirtyAABB: 0
--- !u!1 &5210376009984110407
GameObject:
  m_ObjectHideFlags: 0
  m_CorrespondingSourceObject: {fileID: 0}
  m_PrefabInstance: {fileID: 0}
  m_PrefabAsset: {fileID: 0}
  serializedVersion: 6
  m_Component:
  - component: {fileID: 4428448395091037137}
  - component: {fileID: 2439261004383804176}
  - component: {fileID: 495144026073179927}
  m_Layer: 0
  m_Name: Base HumanPelvis
  m_TagString: Untagged
  m_Icon: {fileID: 0}
  m_NavMeshLayer: 0
  m_StaticEditorFlags: 0
  m_IsActive: 1
--- !u!4 &4428448395091037137
Transform:
  m_ObjectHideFlags: 0
  m_CorrespondingSourceObject: {fileID: 0}
  m_PrefabInstance: {fileID: 0}
  m_PrefabAsset: {fileID: 0}
  m_GameObject: {fileID: 5210376009984110407}
  m_LocalRotation: {x: 0.4991229, y: -0.500867, z: -0.4991314, w: 0.50087565}
  m_LocalPosition: {x: 0.00000006398429, y: 0.3735608, z: -0.04291782}
  m_LocalScale: {x: 1, y: 1, z: 1}
  m_ConstrainProportionsScale: 0
  m_Children:
  - {fileID: 8493507216147599245}
  - {fileID: 1943017367644156811}
  - {fileID: 8309766376873222271}
  - {fileID: 7191048676575634849}
  m_Father: {fileID: 1909103666702878405}
  m_RootOrder: 2
  m_LocalEulerAnglesHint: {x: 0, y: 0, z: 0}
--- !u!65 &2439261004383804176
BoxCollider:
  m_ObjectHideFlags: 0
  m_CorrespondingSourceObject: {fileID: 0}
  m_PrefabInstance: {fileID: 0}
  m_PrefabAsset: {fileID: 0}
  m_GameObject: {fileID: 5210376009984110407}
  m_Material: {fileID: 0}
  m_IsTrigger: 0
  m_Enabled: 0
  serializedVersion: 2
  m_Size: {x: 0.30290443, y: 0.18184623, z: 0.18184619}
  m_Center: {x: -0.15145221, y: 0.02367802, z: 0.09092308}
--- !u!54 &495144026073179927
Rigidbody:
  m_ObjectHideFlags: 0
  m_CorrespondingSourceObject: {fileID: 0}
  m_PrefabInstance: {fileID: 0}
  m_PrefabAsset: {fileID: 0}
  m_GameObject: {fileID: 5210376009984110407}
  serializedVersion: 2
  m_Mass: 3.125
  m_Drag: 0
  m_AngularDrag: 0.05
  m_UseGravity: 1
  m_IsKinematic: 0
  m_Interpolate: 0
  m_Constraints: 0
  m_CollisionDetection: 0
--- !u!1 &5827477736641702970
GameObject:
  m_ObjectHideFlags: 0
  m_CorrespondingSourceObject: {fileID: 0}
  m_PrefabInstance: {fileID: 0}
  m_PrefabAsset: {fileID: 0}
  serializedVersion: 6
  m_Component:
  - component: {fileID: 3434266770100158242}
  m_Layer: 0
  m_Name: Base HumanLFoot
  m_TagString: Untagged
  m_Icon: {fileID: 0}
  m_NavMeshLayer: 0
  m_StaticEditorFlags: 0
  m_IsActive: 1
--- !u!4 &3434266770100158242
Transform:
  m_ObjectHideFlags: 0
  m_CorrespondingSourceObject: {fileID: 0}
  m_PrefabInstance: {fileID: 0}
  m_PrefabAsset: {fileID: 0}
  m_GameObject: {fileID: 5827477736641702970}
  m_LocalRotation: {x: -0.012111278, y: -0.0015121493, z: -0.7948476, w: 0.60668635}
  m_LocalPosition: {x: -0.20390853, y: 0, z: -0.000000007450581}
  m_LocalScale: {x: 1.0000004, y: 1.0000001, z: 1}
  m_ConstrainProportionsScale: 0
  m_Children: []
  m_Father: {fileID: 4936283683846116555}
  m_RootOrder: 0
  m_LocalEulerAnglesHint: {x: 0, y: 0, z: 0}
--- !u!1 &6224479958906798775
GameObject:
  m_ObjectHideFlags: 0
  m_CorrespondingSourceObject: {fileID: 0}
  m_PrefabInstance: {fileID: 0}
  m_PrefabAsset: {fileID: 0}
  serializedVersion: 6
  m_Component:
  - component: {fileID: 705823572783910997}
  - component: {fileID: 4553570860778572992}
  - component: {fileID: 6834159691246933383}
  - component: {fileID: 889302527109075561}
  m_Layer: 0
  m_Name: Base HumanLUpperarm
  m_TagString: Untagged
  m_Icon: {fileID: 0}
  m_NavMeshLayer: 0
  m_StaticEditorFlags: 0
  m_IsActive: 1
--- !u!4 &705823572783910997
Transform:
  m_ObjectHideFlags: 0
  m_CorrespondingSourceObject: {fileID: 0}
  m_PrefabInstance: {fileID: 0}
  m_PrefabAsset: {fileID: 0}
  m_GameObject: {fileID: 6224479958906798775}
  m_LocalRotation: {x: 0.15843558, y: -0.14870976, z: -0.06991779, w: 0.973599}
  m_LocalPosition: {x: -0.14977753, y: 0, z: 0}
  m_LocalScale: {x: 1.000002, y: 0.99999845, z: 0.9999998}
  m_ConstrainProportionsScale: 0
  m_Children:
  - {fileID: 2353741541736149487}
  m_Father: {fileID: 8480939760889810618}
  m_RootOrder: 0
  m_LocalEulerAnglesHint: {x: 0, y: 0, z: 0}
--- !u!136 &4553570860778572992
CapsuleCollider:
  m_ObjectHideFlags: 0
  m_CorrespondingSourceObject: {fileID: 0}
  m_PrefabInstance: {fileID: 0}
  m_PrefabAsset: {fileID: 0}
  m_GameObject: {fileID: 6224479958906798775}
  m_Material: {fileID: 0}
  m_IsTrigger: 0
  m_Enabled: 1
  m_Radius: 0.045029398
  m_Height: 0.18011759
  m_Direction: 0
  m_Center: {x: -0.090058796, y: 0, z: 0}
--- !u!54 &6834159691246933383
Rigidbody:
  m_ObjectHideFlags: 0
  m_CorrespondingSourceObject: {fileID: 0}
  m_PrefabInstance: {fileID: 0}
  m_PrefabAsset: {fileID: 0}
  m_GameObject: {fileID: 6224479958906798775}
  serializedVersion: 2
  m_Mass: 1.25
  m_Drag: 0
  m_AngularDrag: 0.05
  m_UseGravity: 1
  m_IsKinematic: 0
  m_Interpolate: 0
  m_Constraints: 0
  m_CollisionDetection: 0
--- !u!144 &889302527109075561
CharacterJoint:
  m_ObjectHideFlags: 0
  m_CorrespondingSourceObject: {fileID: 0}
  m_PrefabInstance: {fileID: 0}
  m_PrefabAsset: {fileID: 0}
  m_GameObject: {fileID: 6224479958906798775}
  m_ConnectedBody: {fileID: 8411370870850851679}
  m_ConnectedArticulationBody: {fileID: 0}
  m_Anchor: {x: 0, y: 0, z: 0}
  m_Axis: {x: 0, y: 0, z: -1}
  m_AutoConfigureConnectedAnchor: 1
  m_ConnectedAnchor: {x: -0.24679515, y: -0.016602518, z: 0.1818462}
  serializedVersion: 2
  m_SwingAxis: {x: 0, y: 1, z: 0}
  m_TwistLimitSpring:
    spring: 0
    damper: 0
  m_LowTwistLimit:
    limit: -70
    bounciness: 0
    contactDistance: 0
  m_HighTwistLimit:
    limit: 10
    bounciness: 0
    contactDistance: 0
  m_SwingLimitSpring:
    spring: 0
    damper: 0
  m_Swing1Limit:
    limit: 50
    bounciness: 0
    contactDistance: 0
  m_Swing2Limit:
    limit: 0
    bounciness: 0
    contactDistance: 0
  m_EnableProjection: 0
  m_ProjectionDistance: 0.1
  m_ProjectionAngle: 180
  m_BreakForce: Infinity
  m_BreakTorque: Infinity
  m_EnableCollision: 0
  m_EnablePreprocessing: 0
  m_MassScale: 1
  m_ConnectedMassScale: 1
--- !u!1 &6400680994997252192
GameObject:
  m_ObjectHideFlags: 0
  m_CorrespondingSourceObject: {fileID: 0}
  m_PrefabInstance: {fileID: 0}
  m_PrefabAsset: {fileID: 0}
  serializedVersion: 6
  m_Component:
  - component: {fileID: 6445511486500201760}
  m_Layer: 0
  m_Name: Base HumanRCollarbone
  m_TagString: Untagged
  m_Icon: {fileID: 0}
  m_NavMeshLayer: 0
  m_StaticEditorFlags: 0
  m_IsActive: 1
--- !u!4 &6445511486500201760
Transform:
  m_ObjectHideFlags: 0
  m_CorrespondingSourceObject: {fileID: 0}
  m_PrefabInstance: {fileID: 0}
  m_PrefabAsset: {fileID: 0}
  m_GameObject: {fileID: 6400680994997252192}
  m_LocalRotation: {x: 0.061706148, y: -0.7900983, z: 0.17322499, w: 0.5847479}
  m_LocalPosition: {x: 0.023199558, y: 0.07047502, z: -0.040247407}
  m_LocalScale: {x: 0.9999994, y: 1.0000005, z: 1.0000002}
  m_ConstrainProportionsScale: 0
  m_Children:
  - {fileID: 1285844047469656046}
  m_Father: {fileID: 257260053536216520}
  m_RootOrder: 2
  m_LocalEulerAnglesHint: {x: 0, y: 0, z: 0}
--- !u!1 &6481470369102987677
GameObject:
  m_ObjectHideFlags: 0
  m_CorrespondingSourceObject: {fileID: 0}
  m_PrefabInstance: {fileID: 0}
  m_PrefabAsset: {fileID: 0}
  serializedVersion: 6
  m_Component:
  - component: {fileID: 28877695874084909}
  - component: {fileID: 6171000255186904710}
  - component: {fileID: 1256262737831495561}
  - component: {fileID: 1335839715924715877}
  m_Layer: 0
  m_Name: Base HumanRForearm
  m_TagString: Untagged
  m_Icon: {fileID: 0}
  m_NavMeshLayer: 0
  m_StaticEditorFlags: 0
  m_IsActive: 1
--- !u!4 &28877695874084909
Transform:
  m_ObjectHideFlags: 0
  m_CorrespondingSourceObject: {fileID: 0}
  m_PrefabInstance: {fileID: 0}
  m_PrefabAsset: {fileID: 0}
  m_GameObject: {fileID: 6481470369102987677}
  m_LocalRotation: {x: -0.012432125, y: 0.021112347, z: -0.006044467, w: 0.99968153}
  m_LocalPosition: {x: -0.18011758, y: 0, z: -0.000000059604645}
  m_LocalScale: {x: 1.0000054, y: 0.9999946, z: 0.9999999}
  m_ConstrainProportionsScale: 0
  m_Children:
  - {fileID: 3536446385060076132}
  m_Father: {fileID: 1285844047469656046}
  m_RootOrder: 0
  m_LocalEulerAnglesHint: {x: 0, y: 0, z: 0}
--- !u!136 &6171000255186904710
CapsuleCollider:
  m_ObjectHideFlags: 0
  m_CorrespondingSourceObject: {fileID: 0}
  m_PrefabInstance: {fileID: 0}
  m_PrefabAsset: {fileID: 0}
  m_GameObject: {fileID: 6481470369102987677}
  m_Material: {fileID: 0}
  m_IsTrigger: 0
  m_Enabled: 1
  m_Radius: 0.03323318
  m_Height: 0.1661659
  m_Direction: 0
  m_Center: {x: -0.08308295, y: 0, z: 0}
--- !u!54 &1256262737831495561
Rigidbody:
  m_ObjectHideFlags: 0
  m_CorrespondingSourceObject: {fileID: 0}
  m_PrefabInstance: {fileID: 0}
  m_PrefabAsset: {fileID: 0}
  m_GameObject: {fileID: 6481470369102987677}
  serializedVersion: 2
  m_Mass: 1.25
  m_Drag: 0
  m_AngularDrag: 0.05
  m_UseGravity: 1
  m_IsKinematic: 0
  m_Interpolate: 0
  m_Constraints: 0
  m_CollisionDetection: 0
--- !u!144 &1335839715924715877
CharacterJoint:
  m_ObjectHideFlags: 0
  m_CorrespondingSourceObject: {fileID: 0}
  m_PrefabInstance: {fileID: 0}
  m_PrefabAsset: {fileID: 0}
  m_GameObject: {fileID: 6481470369102987677}
  m_ConnectedBody: {fileID: 5275949248021525384}
  m_ConnectedArticulationBody: {fileID: 0}
  m_Anchor: {x: 0, y: 0, z: 0}
  m_Axis: {x: 0, y: 1, z: 0}
  m_AutoConfigureConnectedAnchor: 1
  m_ConnectedAnchor: {x: -0.18011765, y: -0.00000003911562, z: -0.000000022351747}
  serializedVersion: 2
  m_SwingAxis: {x: 0, y: 0, z: 1}
  m_TwistLimitSpring:
    spring: 0
    damper: 0
  m_LowTwistLimit:
    limit: -90
    bounciness: 0
    contactDistance: 0
  m_HighTwistLimit:
    limit: 0
    bounciness: 0
    contactDistance: 0
  m_SwingLimitSpring:
    spring: 0
    damper: 0
  m_Swing1Limit:
    limit: 0
    bounciness: 0
    contactDistance: 0
  m_Swing2Limit:
    limit: 0
    bounciness: 0
    contactDistance: 0
  m_EnableProjection: 0
  m_ProjectionDistance: 0.1
  m_ProjectionAngle: 180
  m_BreakForce: Infinity
  m_BreakTorque: Infinity
  m_EnableCollision: 0
  m_EnablePreprocessing: 0
  m_MassScale: 1
  m_ConnectedMassScale: 1
--- !u!1 &6565880586531660401
GameObject:
  m_ObjectHideFlags: 0
  m_CorrespondingSourceObject: {fileID: 0}
  m_PrefabInstance: {fileID: 0}
  m_PrefabAsset: {fileID: 0}
  serializedVersion: 6
  m_Component:
  - component: {fileID: 5046925965132646870}
  m_Layer: 0
  m_Name: Base HumanLPalm
  m_TagString: Untagged
  m_Icon: {fileID: 0}
  m_NavMeshLayer: 0
  m_StaticEditorFlags: 0
  m_IsActive: 1
--- !u!4 &5046925965132646870
Transform:
  m_ObjectHideFlags: 0
  m_CorrespondingSourceObject: {fileID: 0}
  m_PrefabInstance: {fileID: 0}
  m_PrefabAsset: {fileID: 0}
  m_GameObject: {fileID: 6565880586531660401}
  m_LocalRotation: {x: -0.6927103, y: 0.03710009, z: -0.01385263, w: 0.7201279}
  m_LocalPosition: {x: -0.16616583, y: -4.656613e-10, z: 0}
  m_LocalScale: {x: 1.0000159, y: 0.999994, z: 0.9999901}
  m_ConstrainProportionsScale: 0
  m_Children:
  - {fileID: 841759321377883182}
  - {fileID: 5938261723483890415}
  m_Father: {fileID: 2353741541736149487}
  m_RootOrder: 0
  m_LocalEulerAnglesHint: {x: 0, y: 0, z: 0}
--- !u!1 &6796789751253651238
GameObject:
  m_ObjectHideFlags: 0
  m_CorrespondingSourceObject: {fileID: 0}
  m_PrefabInstance: {fileID: 0}
  m_PrefabAsset: {fileID: 0}
  serializedVersion: 6
  m_Component:
  - component: {fileID: 2032337892899753873}
  m_Layer: 0
  m_Name: Base HumanLPlatform
  m_TagString: Untagged
  m_Icon: {fileID: 0}
  m_NavMeshLayer: 0
  m_StaticEditorFlags: 0
  m_IsActive: 1
--- !u!4 &2032337892899753873
Transform:
  m_ObjectHideFlags: 0
  m_CorrespondingSourceObject: {fileID: 0}
  m_PrefabInstance: {fileID: 0}
  m_PrefabAsset: {fileID: 0}
  m_GameObject: {fileID: 6796789751253651238}
  m_LocalRotation: {x: -0.50256413, y: 0.49742252, z: 0.50256425, w: -0.49742267}
  m_LocalPosition: {x: -0.0793355, y: 0.007210375, z: 0.029121118}
  m_LocalScale: {x: 1, y: 1, z: 1}
  m_ConstrainProportionsScale: 0
  m_Children: []
  m_Father: {fileID: 1909103666702878405}
  m_RootOrder: 1
  m_LocalEulerAnglesHint: {x: 0, y: 0, z: 0}
--- !u!1 &7587341857640437328
GameObject:
  m_ObjectHideFlags: 0
  m_CorrespondingSourceObject: {fileID: 0}
  m_PrefabInstance: {fileID: 0}
  m_PrefabAsset: {fileID: 0}
  serializedVersion: 6
  m_Component:
  - component: {fileID: 2079397014631901309}
  m_Layer: 0
  m_Name: Base HumanNeck
  m_TagString: Untagged
  m_Icon: {fileID: 0}
  m_NavMeshLayer: 0
  m_StaticEditorFlags: 0
  m_IsActive: 1
--- !u!4 &2079397014631901309
Transform:
  m_ObjectHideFlags: 0
  m_CorrespondingSourceObject: {fileID: 0}
  m_PrefabInstance: {fileID: 0}
  m_PrefabAsset: {fileID: 0}
  m_GameObject: {fileID: 7587341857640437328}
  m_LocalRotation: {x: -2.170334e-11, y: -0.000000055501438, z: -0.0027444882, w: 0.99999624}
  m_LocalPosition: {x: -0.0010613799, y: -0.0046736673, z: -0.000000008975519}
  m_LocalScale: {x: 1, y: 0.99999994, z: 1}
  m_ConstrainProportionsScale: 0
  m_Children:
  - {fileID: 2788868523226927160}
  m_Father: {fileID: 257260053536216520}
  m_RootOrder: 1
  m_LocalEulerAnglesHint: {x: 0, y: 0, z: 0}
--- !u!1 &8081812508028328514
GameObject:
  m_ObjectHideFlags: 0
  m_CorrespondingSourceObject: {fileID: 0}
  m_PrefabInstance: {fileID: 0}
  m_PrefabAsset: {fileID: 0}
  serializedVersion: 6
  m_Component:
  - component: {fileID: 1943017367644156811}
  - component: {fileID: 901781380567781055}
  - component: {fileID: 1314412062546452357}
  - component: {fileID: 2210066377572103925}
  m_Layer: 0
  m_Name: Base HumanRThigh
  m_TagString: Untagged
  m_Icon: {fileID: 0}
  m_NavMeshLayer: 0
  m_StaticEditorFlags: 0
  m_IsActive: 1
--- !u!4 &1943017367644156811
Transform:
  m_ObjectHideFlags: 0
  m_CorrespondingSourceObject: {fileID: 0}
  m_PrefabInstance: {fileID: 0}
  m_PrefabAsset: {fileID: 0}
  m_GameObject: {fileID: 8081812508028328514}
  m_LocalRotation: {x: -0.029714175, y: 0.99954224, z: -0.000109094544, w: 0.005691041}
  m_LocalPosition: {x: -0.02308938, y: 0.040281877, z: -0.077861376}
  m_LocalScale: {x: 1.0000001, y: 1.0000002, z: 1.0000001}
  m_ConstrainProportionsScale: 0
  m_Children:
  - {fileID: 7571175959316424436}
  m_Father: {fileID: 4428448395091037137}
  m_RootOrder: 1
  m_LocalEulerAnglesHint: {x: 0, y: 0, z: 0}
--- !u!136 &901781380567781055
CapsuleCollider:
  m_ObjectHideFlags: 0
  m_CorrespondingSourceObject: {fileID: 0}
  m_PrefabInstance: {fileID: 0}
  m_PrefabAsset: {fileID: 0}
  m_GameObject: {fileID: 8081812508028328514}
  m_Material: {fileID: 0}
  m_IsTrigger: 0
  m_Enabled: 0
  m_Radius: 0.05319676
  m_Height: 0.17732254
  m_Direction: 0
  m_Center: {x: -0.08866127, y: 0, z: 0}
--- !u!54 &1314412062546452357
Rigidbody:
  m_ObjectHideFlags: 0
  m_CorrespondingSourceObject: {fileID: 0}
  m_PrefabInstance: {fileID: 0}
  m_PrefabAsset: {fileID: 0}
  m_GameObject: {fileID: 8081812508028328514}
  serializedVersion: 2
  m_Mass: 1.875
  m_Drag: 0
  m_AngularDrag: 0.05
  m_UseGravity: 1
  m_IsKinematic: 0
  m_Interpolate: 0
  m_Constraints: 0
  m_CollisionDetection: 0
--- !u!144 &2210066377572103925
CharacterJoint:
  m_ObjectHideFlags: 0
  m_CorrespondingSourceObject: {fileID: 0}
  m_PrefabInstance: {fileID: 0}
  m_PrefabAsset: {fileID: 0}
  m_GameObject: {fileID: 8081812508028328514}
  m_ConnectedBody: {fileID: 495144026073179927}
  m_ConnectedArticulationBody: {fileID: 0}
  m_Anchor: {x: 0, y: 0, z: 0}
  m_Axis: {x: 0, y: 0, z: 1}
  m_AutoConfigureConnectedAnchor: 1
  m_ConnectedAnchor: {x: -0.02308937, y: 0.04028188, z: -0.07786138}
  serializedVersion: 2
  m_SwingAxis: {x: 0, y: 1, z: 0}
  m_TwistLimitSpring:
    spring: 0
    damper: 0
  m_LowTwistLimit:
    limit: -20
    bounciness: 0
    contactDistance: 0
  m_HighTwistLimit:
    limit: 70
    bounciness: 0
    contactDistance: 0
  m_SwingLimitSpring:
    spring: 0
    damper: 0
  m_Swing1Limit:
    limit: 30
    bounciness: 0
    contactDistance: 0
  m_Swing2Limit:
    limit: 0
    bounciness: 0
    contactDistance: 0
  m_EnableProjection: 0
  m_ProjectionDistance: 0.1
  m_ProjectionAngle: 180
  m_BreakForce: Infinity
  m_BreakTorque: Infinity
  m_EnableCollision: 0
  m_EnablePreprocessing: 0
  m_MassScale: 1
  m_ConnectedMassScale: 1
--- !u!1 &8373480924911766091
GameObject:
  m_ObjectHideFlags: 0
  m_CorrespondingSourceObject: {fileID: 0}
  m_PrefabInstance: {fileID: 0}
  m_PrefabAsset: {fileID: 0}
  serializedVersion: 6
  m_Component:
  - component: {fileID: 8480939760889810618}
  m_Layer: 0
  m_Name: Base HumanLCollarbone
  m_TagString: Untagged
  m_Icon: {fileID: 0}
  m_NavMeshLayer: 0
  m_StaticEditorFlags: 0
  m_IsActive: 1
--- !u!4 &8480939760889810618
Transform:
  m_ObjectHideFlags: 0
  m_CorrespondingSourceObject: {fileID: 0}
  m_PrefabInstance: {fileID: 0}
  m_PrefabAsset: {fileID: 0}
  m_GameObject: {fileID: 8373480924911766091}
  m_LocalRotation: {x: -0.06170615, y: 0.7900983, z: 0.17322499, w: 0.58474785}
  m_LocalPosition: {x: 0.023199558, y: 0.070475005, z: 0.040247414}
  m_LocalScale: {x: 0.99999964, y: 1.0000008, z: 0.9999998}
  m_ConstrainProportionsScale: 0
  m_Children:
  - {fileID: 705823572783910997}
  m_Father: {fileID: 257260053536216520}
  m_RootOrder: 0
  m_LocalEulerAnglesHint: {x: 0, y: 0, z: 0}
--- !u!1001 &841759321377998748
PrefabInstance:
  m_ObjectHideFlags: 0
  serializedVersion: 2
  m_Modification:
    m_TransformParent: {fileID: 5046925965132646870}
    m_Modifications:
    - target: {fileID: 183890, guid: 9e4bcae82995535429d012d5fe4a76c0, type: 3}
      propertyPath: m_Name
      value: PowerupGlow1
      objectReference: {fileID: 0}
    - target: {fileID: 410546, guid: 9e4bcae82995535429d012d5fe4a76c0, type: 3}
      propertyPath: m_RootOrder
      value: 0
      objectReference: {fileID: 0}
    - target: {fileID: 410546, guid: 9e4bcae82995535429d012d5fe4a76c0, type: 3}
      propertyPath: m_LocalScale.x
      value: 0.70000017
      objectReference: {fileID: 0}
    - target: {fileID: 410546, guid: 9e4bcae82995535429d012d5fe4a76c0, type: 3}
      propertyPath: m_LocalScale.y
      value: 0.6999994
      objectReference: {fileID: 0}
    - target: {fileID: 410546, guid: 9e4bcae82995535429d012d5fe4a76c0, type: 3}
      propertyPath: m_LocalScale.z
      value: 0.6999997
      objectReference: {fileID: 0}
    - target: {fileID: 410546, guid: 9e4bcae82995535429d012d5fe4a76c0, type: 3}
      propertyPath: m_LocalPosition.x
      value: -0.06
      objectReference: {fileID: 0}
    - target: {fileID: 410546, guid: 9e4bcae82995535429d012d5fe4a76c0, type: 3}
      propertyPath: m_LocalPosition.y
      value: -0.018
      objectReference: {fileID: 0}
    - target: {fileID: 410546, guid: 9e4bcae82995535429d012d5fe4a76c0, type: 3}
      propertyPath: m_LocalPosition.z
      value: 0.005
      objectReference: {fileID: 0}
    - target: {fileID: 410546, guid: 9e4bcae82995535429d012d5fe4a76c0, type: 3}
      propertyPath: m_LocalRotation.w
      value: -0.032918483
      objectReference: {fileID: 0}
    - target: {fileID: 410546, guid: 9e4bcae82995535429d012d5fe4a76c0, type: 3}
      propertyPath: m_LocalRotation.x
      value: 0.053772278
      objectReference: {fileID: 0}
    - target: {fileID: 410546, guid: 9e4bcae82995535429d012d5fe4a76c0, type: 3}
      propertyPath: m_LocalRotation.y
      value: -0.70569986
      objectReference: {fileID: 0}
    - target: {fileID: 410546, guid: 9e4bcae82995535429d012d5fe4a76c0, type: 3}
      propertyPath: m_LocalRotation.z
      value: -0.70570016
      objectReference: {fileID: 0}
    - target: {fileID: 410546, guid: 9e4bcae82995535429d012d5fe4a76c0, type: 3}
      propertyPath: m_LocalEulerAnglesHint.x
      value: -90
      objectReference: {fileID: 0}
    - target: {fileID: 410546, guid: 9e4bcae82995535429d012d5fe4a76c0, type: 3}
      propertyPath: m_LocalEulerAnglesHint.y
      value: 0
      objectReference: {fileID: 0}
    - target: {fileID: 410546, guid: 9e4bcae82995535429d012d5fe4a76c0, type: 3}
      propertyPath: m_LocalEulerAnglesHint.z
      value: 0
      objectReference: {fileID: 0}
    m_RemovedComponents: []
  m_SourcePrefab: {fileID: 100100000, guid: 9e4bcae82995535429d012d5fe4a76c0, type: 3}
--- !u!198 &841759321362721722 stripped
ParticleSystem:
  m_CorrespondingSourceObject: {fileID: 19852326, guid: 9e4bcae82995535429d012d5fe4a76c0, type: 3}
  m_PrefabInstance: {fileID: 841759321377998748}
  m_PrefabAsset: {fileID: 0}
--- !u!4 &841759321377883182 stripped
Transform:
  m_CorrespondingSourceObject: {fileID: 410546, guid: 9e4bcae82995535429d012d5fe4a76c0, type: 3}
  m_PrefabInstance: {fileID: 841759321377998748}
  m_PrefabAsset: {fileID: 0}
--- !u!1001 &5938261723483526861
PrefabInstance:
  m_ObjectHideFlags: 0
  serializedVersion: 2
  m_Modification:
    m_TransformParent: {fileID: 5046925965132646870}
    m_Modifications:
    - target: {fileID: 102984, guid: 63782bd2b5a23754181adaf65653088a, type: 3}
      propertyPath: m_Name
      value: LaserExplosionBlue
      objectReference: {fileID: 0}
    - target: {fileID: 439330, guid: 63782bd2b5a23754181adaf65653088a, type: 3}
      propertyPath: m_RootOrder
      value: 1
      objectReference: {fileID: 0}
    - target: {fileID: 439330, guid: 63782bd2b5a23754181adaf65653088a, type: 3}
      propertyPath: m_LocalScale.x
      value: 0.5
      objectReference: {fileID: 0}
    - target: {fileID: 439330, guid: 63782bd2b5a23754181adaf65653088a, type: 3}
      propertyPath: m_LocalScale.y
      value: 0.5
      objectReference: {fileID: 0}
    - target: {fileID: 439330, guid: 63782bd2b5a23754181adaf65653088a, type: 3}
      propertyPath: m_LocalScale.z
      value: 0.5
      objectReference: {fileID: 0}
    - target: {fileID: 439330, guid: 63782bd2b5a23754181adaf65653088a, type: 3}
      propertyPath: m_LocalPosition.x
      value: -0.136
      objectReference: {fileID: 0}
    - target: {fileID: 439330, guid: 63782bd2b5a23754181adaf65653088a, type: 3}
      propertyPath: m_LocalPosition.y
      value: -0.019
      objectReference: {fileID: 0}
    - target: {fileID: 439330, guid: 63782bd2b5a23754181adaf65653088a, type: 3}
      propertyPath: m_LocalPosition.z
      value: -0.006
      objectReference: {fileID: 0}
    - target: {fileID: 439330, guid: 63782bd2b5a23754181adaf65653088a, type: 3}
      propertyPath: m_LocalRotation.w
      value: -0.032918483
      objectReference: {fileID: 0}
    - target: {fileID: 439330, guid: 63782bd2b5a23754181adaf65653088a, type: 3}
      propertyPath: m_LocalRotation.x
      value: 0.053772278
      objectReference: {fileID: 0}
    - target: {fileID: 439330, guid: 63782bd2b5a23754181adaf65653088a, type: 3}
      propertyPath: m_LocalRotation.y
      value: -0.70569986
      objectReference: {fileID: 0}
    - target: {fileID: 439330, guid: 63782bd2b5a23754181adaf65653088a, type: 3}
      propertyPath: m_LocalRotation.z
      value: -0.70570016
      objectReference: {fileID: 0}
    - target: {fileID: 439330, guid: 63782bd2b5a23754181adaf65653088a, type: 3}
      propertyPath: m_LocalEulerAnglesHint.x
      value: -90
      objectReference: {fileID: 0}
    - target: {fileID: 439330, guid: 63782bd2b5a23754181adaf65653088a, type: 3}
      propertyPath: m_LocalEulerAnglesHint.y
      value: 0
      objectReference: {fileID: 0}
    - target: {fileID: 439330, guid: 63782bd2b5a23754181adaf65653088a, type: 3}
      propertyPath: m_LocalEulerAnglesHint.z
      value: 0
      objectReference: {fileID: 0}
    m_RemovedComponents: []
  m_SourcePrefab: {fileID: 100100000, guid: 63782bd2b5a23754181adaf65653088a, type: 3}
--- !u!198 &5938261723468789879 stripped
ParticleSystem:
  m_CorrespondingSourceObject: {fileID: 19869370, guid: 63782bd2b5a23754181adaf65653088a, type: 3}
  m_PrefabInstance: {fileID: 5938261723483526861}
  m_PrefabAsset: {fileID: 0}
--- !u!4 &5938261723483890415 stripped
Transform:
  m_CorrespondingSourceObject: {fileID: 439330, guid: 63782bd2b5a23754181adaf65653088a, type: 3}
  m_PrefabInstance: {fileID: 5938261723483526861}
  m_PrefabAsset: {fileID: 0}
--- !u!1001 &7191048676575423755
PrefabInstance:
  m_ObjectHideFlags: 0
  serializedVersion: 2
  m_Modification:
    m_TransformParent: {fileID: 4428448395091037137}
    m_Modifications:
    - target: {fileID: 160696, guid: fac9ad46c0307484fba6960de846139d, type: 3}
      propertyPath: m_Name
      value: SparkExplosion
      objectReference: {fileID: 0}
    - target: {fileID: 477354, guid: fac9ad46c0307484fba6960de846139d, type: 3}
      propertyPath: m_RootOrder
      value: 3
      objectReference: {fileID: 0}
    - target: {fileID: 477354, guid: fac9ad46c0307484fba6960de846139d, type: 3}
      propertyPath: m_LocalScale.x
      value: 0.4999999
      objectReference: {fileID: 0}
    - target: {fileID: 477354, guid: fac9ad46c0307484fba6960de846139d, type: 3}
      propertyPath: m_LocalScale.y
      value: 0.5
      objectReference: {fileID: 0}
    - target: {fileID: 477354, guid: fac9ad46c0307484fba6960de846139d, type: 3}
      propertyPath: m_LocalScale.z
      value: 0.50000006
      objectReference: {fileID: 0}
    - target: {fileID: 477354, guid: fac9ad46c0307484fba6960de846139d, type: 3}
      propertyPath: m_LocalPosition.x
      value: -0.28528777
      objectReference: {fileID: 0}
    - target: {fileID: 477354, guid: fac9ad46c0307484fba6960de846139d, type: 3}
      propertyPath: m_LocalPosition.y
      value: 0.04391326
      objectReference: {fileID: 0}
    - target: {fileID: 477354, guid: fac9ad46c0307484fba6960de846139d, type: 3}
      propertyPath: m_LocalPosition.z
      value: 0
      objectReference: {fileID: 0}
    - target: {fileID: 477354, guid: fac9ad46c0307484fba6960de846139d, type: 3}
      propertyPath: m_LocalRotation.w
      value: 0.0012393892
      objectReference: {fileID: 0}
    - target: {fileID: 477354, guid: fac9ad46c0307484fba6960de846139d, type: 3}
      propertyPath: m_LocalRotation.x
      value: -0.70710576
      objectReference: {fileID: 0}
    - target: {fileID: 477354, guid: fac9ad46c0307484fba6960de846139d, type: 3}
      propertyPath: m_LocalRotation.y
      value: 0.0012272596
      objectReference: {fileID: 0}
    - target: {fileID: 477354, guid: fac9ad46c0307484fba6960de846139d, type: 3}
      propertyPath: m_LocalRotation.z
      value: 0.7071057
      objectReference: {fileID: 0}
    - target: {fileID: 477354, guid: fac9ad46c0307484fba6960de846139d, type: 3}
      propertyPath: m_LocalEulerAnglesHint.x
      value: -90
      objectReference: {fileID: 0}
    - target: {fileID: 477354, guid: fac9ad46c0307484fba6960de846139d, type: 3}
      propertyPath: m_LocalEulerAnglesHint.y
      value: 0
      objectReference: {fileID: 0}
    - target: {fileID: 477354, guid: fac9ad46c0307484fba6960de846139d, type: 3}
      propertyPath: m_LocalEulerAnglesHint.z
      value: 0
      objectReference: {fileID: 0}
    - target: {fileID: 19863200, guid: fac9ad46c0307484fba6960de846139d, type: 3}
      propertyPath: InitialModule.startSize.scalar
      value: 0.12
      objectReference: {fileID: 0}
    m_RemovedComponents: []
  m_SourcePrefab: {fileID: 100100000, guid: fac9ad46c0307484fba6960de846139d, type: 3}
--- !u!4 &7191048676575634849 stripped
Transform:
  m_CorrespondingSourceObject: {fileID: 477354, guid: fac9ad46c0307484fba6960de846139d, type: 3}
  m_PrefabInstance: {fileID: 7191048676575423755}
  m_PrefabAsset: {fileID: 0}
