%YAML 1.1
%TAG !u! tag:unity3d.com,2011:
--- !u!1 &337093951137594810
GameObject:
  m_ObjectHideFlags: 0
  m_CorrespondingSourceObject: {fileID: 0}
  m_PrefabInstance: {fileID: 0}
  m_PrefabAsset: {fileID: 0}
  serializedVersion: 6
  m_Component:
  - component: {fileID: 223712799462994722}
  m_Layer: 0
  m_Name: Room0 1
  m_TagString: Untagged
  m_Icon: {fileID: 0}
  m_NavMeshLayer: 0
  m_StaticEditorFlags: 0
  m_IsActive: 1
--- !u!4 &223712799462994722
Transform:
  m_ObjectHideFlags: 0
  m_CorrespondingSourceObject: {fileID: 0}
  m_PrefabInstance: {fileID: 0}
  m_PrefabAsset: {fileID: 0}
  m_GameObject: {fileID: 337093951137594810}
  m_LocalRotation: {x: 0, y: 1, z: 0, w: 0}
  m_LocalPosition: {x: 0, y: -3, z: 0}
  m_LocalScale: {x: 0.7, y: 0.7, z: 0.7}
  m_Children:
  - {fileID: 6825295271977790862}
  - {fileID: 5441121200666089329}
  - {fileID: 7374483474804708378}
  - {fileID: 5441121199717228080}
  - {fileID: 7735698422997496916}
  - {fileID: 5441121200510935065}
  - {fileID: 4821990373761883207}
  - {fileID: 116652800371802303}
  - {fileID: 6015214393682963205}
  - {fileID: 8938087477171350260}
  - {fileID: 521491375019913708}
  - {fileID: 7438441587809453310}
  m_Father: {fileID: 0}
  m_RootOrder: 0
  m_LocalEulerAnglesHint: {x: 0, y: 180, z: 0}
--- !u!1 &2250814323112454333
GameObject:
  m_ObjectHideFlags: 0
  m_CorrespondingSourceObject: {fileID: 0}
  m_PrefabInstance: {fileID: 0}
  m_PrefabAsset: {fileID: 0}
  serializedVersion: 6
  m_Component:
  - component: {fileID: 7374483474804708378}
  m_Layer: 0
  m_Name: GameObject
  m_TagString: Untagged
  m_Icon: {fileID: 0}
  m_NavMeshLayer: 0
  m_StaticEditorFlags: 0
  m_IsActive: 0
--- !u!4 &7374483474804708378
Transform:
  m_ObjectHideFlags: 0
  m_CorrespondingSourceObject: {fileID: 0}
  m_PrefabInstance: {fileID: 0}
  m_PrefabAsset: {fileID: 0}
  m_GameObject: {fileID: 2250814323112454333}
  m_LocalRotation: {x: 0, y: 0, z: 0, w: 1}
  m_LocalPosition: {x: 0, y: 0, z: 0}
  m_LocalScale: {x: 1, y: 1, z: 1}
  m_Children:
  - {fileID: 6825295272412485244}
  - {fileID: 6825295271491125999}
  - {fileID: 6825295272493065342}
  - {fileID: 6825295271437041061}
  - {fileID: 6825295272182396973}
  - {fileID: 6825295272035208962}
  - {fileID: 6825295272489429403}
  - {fileID: 6825295272392814109}
  - {fileID: 6825295271060460053}
  - {fileID: 6825295272044713868}
  - {fileID: 6825295272354870864}
  - {fileID: 6825295271169925678}
  - {fileID: 3942876158436881063}
  - {fileID: 5441121199294246206}
  m_Father: {fileID: 223712799462994722}
  m_RootOrder: 2
  m_LocalEulerAnglesHint: {x: 0, y: 0, z: 0}
--- !u!1 &3609547499749521882
GameObject:
  m_ObjectHideFlags: 0
  m_CorrespondingSourceObject: {fileID: 0}
  m_PrefabInstance: {fileID: 0}
  m_PrefabAsset: {fileID: 0}
  serializedVersion: 6
  m_Component:
  - component: {fileID: 7735698422997496916}
  - component: {fileID: 5659554209120962042}
  - component: {fileID: 4781109953579532713}
  - component: {fileID: 8563448613519532696}
  - component: {fileID: 89539214558948539}
  m_Layer: 0
  m_Name: Checkpoint
  m_TagString: Checkpoint
  m_Icon: {fileID: 0}
  m_NavMeshLayer: 0
  m_StaticEditorFlags: 0
  m_IsActive: 1
--- !u!4 &7735698422997496916
Transform:
  m_ObjectHideFlags: 0
  m_CorrespondingSourceObject: {fileID: 0}
  m_PrefabInstance: {fileID: 0}
  m_PrefabAsset: {fileID: 0}
  m_GameObject: {fileID: 3609547499749521882}
  m_LocalRotation: {x: -0, y: -0, z: -0, w: 1}
  m_LocalPosition: {x: 0, y: 2.41, z: 5.62}
  m_LocalScale: {x: 5, y: 3, z: 0.5}
  m_Children: []
  m_Father: {fileID: 223712799462994722}
  m_RootOrder: 4
  m_LocalEulerAnglesHint: {x: 0, y: 0, z: 0}
--- !u!33 &5659554209120962042
MeshFilter:
  m_ObjectHideFlags: 0
  m_CorrespondingSourceObject: {fileID: 0}
  m_PrefabInstance: {fileID: 0}
  m_PrefabAsset: {fileID: 0}
  m_GameObject: {fileID: 3609547499749521882}
  m_Mesh: {fileID: 10202, guid: 0000000000000000e000000000000000, type: 0}
--- !u!23 &4781109953579532713
MeshRenderer:
  m_ObjectHideFlags: 0
  m_CorrespondingSourceObject: {fileID: 0}
  m_PrefabInstance: {fileID: 0}
  m_PrefabAsset: {fileID: 0}
  m_GameObject: {fileID: 3609547499749521882}
  m_Enabled: 0
  m_CastShadows: 1
  m_ReceiveShadows: 1
  m_DynamicOccludee: 1
  m_MotionVectors: 1
  m_LightProbeUsage: 1
  m_ReflectionProbeUsage: 1
  m_RayTracingMode: 2
  m_RayTraceProcedural: 0
  m_RenderingLayerMask: 1
  m_RendererPriority: 0
  m_Materials:
  - {fileID: 2100000, guid: 31321ba15b8f8eb4c954353edc038b1d, type: 2}
  m_StaticBatchInfo:
    firstSubMesh: 0
    subMeshCount: 0
  m_StaticBatchRoot: {fileID: 0}
  m_ProbeAnchor: {fileID: 0}
  m_LightProbeVolumeOverride: {fileID: 0}
  m_ScaleInLightmap: 1
  m_ReceiveGI: 1
  m_PreserveUVs: 0
  m_IgnoreNormalsForChartDetection: 0
  m_ImportantGI: 0
  m_StitchLightmapSeams: 1
  m_SelectedEditorRenderState: 3
  m_MinimumChartSize: 4
  m_AutoUVMaxDistance: 0.5
  m_AutoUVMaxAngle: 89
  m_LightmapParameters: {fileID: 0}
  m_SortingLayerID: 0
  m_SortingLayer: 0
  m_SortingOrder: 0
  m_AdditionalVertexStreams: {fileID: 0}
--- !u!65 &8563448613519532696
BoxCollider:
  m_ObjectHideFlags: 0
  m_CorrespondingSourceObject: {fileID: 0}
  m_PrefabInstance: {fileID: 0}
  m_PrefabAsset: {fileID: 0}
  m_GameObject: {fileID: 3609547499749521882}
  m_Material: {fileID: 0}
  m_IsTrigger: 1
  m_Enabled: 1
  serializedVersion: 2
  m_Size: {x: 1, y: 1, z: 1}
  m_Center: {x: 0, y: 0, z: 0}
--- !u!114 &89539214558948539
MonoBehaviour:
  m_ObjectHideFlags: 0
  m_CorrespondingSourceObject: {fileID: 0}
  m_PrefabInstance: {fileID: 0}
  m_PrefabAsset: {fileID: 0}
  m_GameObject: {fileID: 3609547499749521882}
  m_Enabled: 1
  m_EditorHideFlags: 0
  m_Script: {fileID: 11500000, guid: 2b23984ef596c964aafc4f83f5b71dbb, type: 3}
  m_Name: 
  m_EditorClassIdentifier: 
  PointNumber: -1
  _enemyCount: 1
  _doorAnimator: {fileID: 8224419418735334891}
--- !u!1 &5656333769707385993
GameObject:
  m_ObjectHideFlags: 0
  m_CorrespondingSourceObject: {fileID: 0}
  m_PrefabInstance: {fileID: 0}
  m_PrefabAsset: {fileID: 0}
  serializedVersion: 6
  m_Component:
  - component: {fileID: 3942876158436881063}
  - component: {fileID: 6186607787927510150}
  - component: {fileID: 8371228986765683784}
  - component: {fileID: 1508966429830870724}
  m_Layer: 0
  m_Name: Cube (50)
  m_TagString: Untagged
  m_Icon: {fileID: 0}
  m_NavMeshLayer: 0
  m_StaticEditorFlags: 0
  m_IsActive: 1
--- !u!4 &3942876158436881063
Transform:
  m_ObjectHideFlags: 0
  m_CorrespondingSourceObject: {fileID: 0}
  m_PrefabInstance: {fileID: 0}
  m_PrefabAsset: {fileID: 0}
  m_GameObject: {fileID: 5656333769707385993}
  m_LocalRotation: {x: -0, y: -0.99997693, z: -0, w: -0.006793754}
  m_LocalPosition: {x: 2.0967007, y: 2.513, z: 4.691}
  m_LocalScale: {x: 0.11983493, y: 0.10430547, z: 0.9719422}
  m_Children: []
  m_Father: {fileID: 7374483474804708378}
  m_RootOrder: 12
  m_LocalEulerAnglesHint: {x: 0, y: -180.779, z: 0}
--- !u!33 &6186607787927510150
MeshFilter:
  m_ObjectHideFlags: 0
  m_CorrespondingSourceObject: {fileID: 0}
  m_PrefabInstance: {fileID: 0}
  m_PrefabAsset: {fileID: 0}
  m_GameObject: {fileID: 5656333769707385993}
  m_Mesh: {fileID: 10202, guid: 0000000000000000e000000000000000, type: 0}
--- !u!23 &8371228986765683784
MeshRenderer:
  m_ObjectHideFlags: 0
  m_CorrespondingSourceObject: {fileID: 0}
  m_PrefabInstance: {fileID: 0}
  m_PrefabAsset: {fileID: 0}
  m_GameObject: {fileID: 5656333769707385993}
  m_Enabled: 1
  m_CastShadows: 1
  m_ReceiveShadows: 1
  m_DynamicOccludee: 1
  m_MotionVectors: 1
  m_LightProbeUsage: 1
  m_ReflectionProbeUsage: 1
  m_RayTracingMode: 2
  m_RayTraceProcedural: 0
  m_RenderingLayerMask: 1
  m_RendererPriority: 0
  m_Materials:
  - {fileID: 2100000, guid: df85ffe13d51bf442b0e34f75a3d3520, type: 2}
  m_StaticBatchInfo:
    firstSubMesh: 0
    subMeshCount: 0
  m_StaticBatchRoot: {fileID: 0}
  m_ProbeAnchor: {fileID: 0}
  m_LightProbeVolumeOverride: {fileID: 0}
  m_ScaleInLightmap: 1
  m_ReceiveGI: 1
  m_PreserveUVs: 0
  m_IgnoreNormalsForChartDetection: 0
  m_ImportantGI: 0
  m_StitchLightmapSeams: 1
  m_SelectedEditorRenderState: 3
  m_MinimumChartSize: 4
  m_AutoUVMaxDistance: 0.5
  m_AutoUVMaxAngle: 89
  m_LightmapParameters: {fileID: 0}
  m_SortingLayerID: 0
  m_SortingLayer: 0
  m_SortingOrder: 0
  m_AdditionalVertexStreams: {fileID: 0}
--- !u!65 &1508966429830870724
BoxCollider:
  m_ObjectHideFlags: 0
  m_CorrespondingSourceObject: {fileID: 0}
  m_PrefabInstance: {fileID: 0}
  m_PrefabAsset: {fileID: 0}
  m_GameObject: {fileID: 5656333769707385993}
  m_Material: {fileID: 0}
  m_IsTrigger: 0
  m_Enabled: 1
  serializedVersion: 2
  m_Size: {x: 1, y: 1, z: 1}
  m_Center: {x: 0, y: 0, z: 0}
--- !u!1 &6825295271060460057
GameObject:
  m_ObjectHideFlags: 0
  m_CorrespondingSourceObject: {fileID: 0}
  m_PrefabInstance: {fileID: 0}
  m_PrefabAsset: {fileID: 0}
  serializedVersion: 6
  m_Component:
  - component: {fileID: 6825295271060460053}
  - component: {fileID: 6825295271060460052}
  - component: {fileID: 6825295271060460055}
  - component: {fileID: 6825295271060460054}
  m_Layer: 0
  m_Name: Cube (34)
  m_TagString: Untagged
  m_Icon: {fileID: 0}
  m_NavMeshLayer: 0
  m_StaticEditorFlags: 0
  m_IsActive: 1
--- !u!4 &6825295271060460053
Transform:
  m_ObjectHideFlags: 0
  m_CorrespondingSourceObject: {fileID: 0}
  m_PrefabInstance: {fileID: 0}
  m_PrefabAsset: {fileID: 0}
  m_GameObject: {fileID: 6825295271060460057}
  m_LocalRotation: {x: -0, y: -0.99997693, z: -0, w: -0.006793754}
  m_LocalPosition: {x: 2.1183014, y: 2.493, z: -0.83399963}
  m_LocalScale: {x: 0.1067, y: 1.3639694, z: 0.09203576}
  m_Children: []
  m_Father: {fileID: 7374483474804708378}
  m_RootOrder: 8
  m_LocalEulerAnglesHint: {x: 0, y: -180.779, z: 0}
--- !u!33 &6825295271060460052
MeshFilter:
  m_ObjectHideFlags: 0
  m_CorrespondingSourceObject: {fileID: 0}
  m_PrefabInstance: {fileID: 0}
  m_PrefabAsset: {fileID: 0}
  m_GameObject: {fileID: 6825295271060460057}
  m_Mesh: {fileID: 10202, guid: 0000000000000000e000000000000000, type: 0}
--- !u!23 &6825295271060460055
MeshRenderer:
  m_ObjectHideFlags: 0
  m_CorrespondingSourceObject: {fileID: 0}
  m_PrefabInstance: {fileID: 0}
  m_PrefabAsset: {fileID: 0}
  m_GameObject: {fileID: 6825295271060460057}
  m_Enabled: 1
  m_CastShadows: 1
  m_ReceiveShadows: 1
  m_DynamicOccludee: 1
  m_MotionVectors: 1
  m_LightProbeUsage: 1
  m_ReflectionProbeUsage: 1
  m_RayTracingMode: 2
  m_RayTraceProcedural: 0
  m_RenderingLayerMask: 1
  m_RendererPriority: 0
  m_Materials:
  - {fileID: 2100000, guid: df85ffe13d51bf442b0e34f75a3d3520, type: 2}
  m_StaticBatchInfo:
    firstSubMesh: 0
    subMeshCount: 0
  m_StaticBatchRoot: {fileID: 0}
  m_ProbeAnchor: {fileID: 0}
  m_LightProbeVolumeOverride: {fileID: 0}
  m_ScaleInLightmap: 1
  m_ReceiveGI: 1
  m_PreserveUVs: 0
  m_IgnoreNormalsForChartDetection: 0
  m_ImportantGI: 0
  m_StitchLightmapSeams: 1
  m_SelectedEditorRenderState: 3
  m_MinimumChartSize: 4
  m_AutoUVMaxDistance: 0.5
  m_AutoUVMaxAngle: 89
  m_LightmapParameters: {fileID: 0}
  m_SortingLayerID: 0
  m_SortingLayer: 0
  m_SortingOrder: 0
  m_AdditionalVertexStreams: {fileID: 0}
--- !u!65 &6825295271060460054
BoxCollider:
  m_ObjectHideFlags: 0
  m_CorrespondingSourceObject: {fileID: 0}
  m_PrefabInstance: {fileID: 0}
  m_PrefabAsset: {fileID: 0}
  m_GameObject: {fileID: 6825295271060460057}
  m_Material: {fileID: 0}
  m_IsTrigger: 0
  m_Enabled: 1
  serializedVersion: 2
  m_Size: {x: 1, y: 1, z: 1}
  m_Center: {x: 0, y: 0, z: 0}
--- !u!1 &6825295271169925714
GameObject:
  m_ObjectHideFlags: 0
  m_CorrespondingSourceObject: {fileID: 0}
  m_PrefabInstance: {fileID: 0}
  m_PrefabAsset: {fileID: 0}
  serializedVersion: 6
  m_Component:
  - component: {fileID: 6825295271169925678}
  - component: {fileID: 6825295271169925713}
  - component: {fileID: 6825295271169925712}
  - component: {fileID: 6825295271169925715}
  m_Layer: 0
  m_Name: Cube (37)
  m_TagString: Untagged
  m_Icon: {fileID: 0}
  m_NavMeshLayer: 0
  m_StaticEditorFlags: 0
  m_IsActive: 1
--- !u!4 &6825295271169925678
Transform:
  m_ObjectHideFlags: 0
  m_CorrespondingSourceObject: {fileID: 0}
  m_PrefabInstance: {fileID: 0}
  m_PrefabAsset: {fileID: 0}
  m_GameObject: {fileID: 6825295271169925714}
  m_LocalRotation: {x: -0, y: -0.99997693, z: -0, w: -0.006793754}
  m_LocalPosition: {x: 2.1125011, y: 2.493, z: -0.40299988}
  m_LocalScale: {x: 0.1067, y: 1.3639694, z: 0.09203576}
  m_Children: []
  m_Father: {fileID: 7374483474804708378}
  m_RootOrder: 11
  m_LocalEulerAnglesHint: {x: 0, y: -180.779, z: 0}
--- !u!33 &6825295271169925713
MeshFilter:
  m_ObjectHideFlags: 0
  m_CorrespondingSourceObject: {fileID: 0}
  m_PrefabInstance: {fileID: 0}
  m_PrefabAsset: {fileID: 0}
  m_GameObject: {fileID: 6825295271169925714}
  m_Mesh: {fileID: 10202, guid: 0000000000000000e000000000000000, type: 0}
--- !u!23 &6825295271169925712
MeshRenderer:
  m_ObjectHideFlags: 0
  m_CorrespondingSourceObject: {fileID: 0}
  m_PrefabInstance: {fileID: 0}
  m_PrefabAsset: {fileID: 0}
  m_GameObject: {fileID: 6825295271169925714}
  m_Enabled: 1
  m_CastShadows: 1
  m_ReceiveShadows: 1
  m_DynamicOccludee: 1
  m_MotionVectors: 1
  m_LightProbeUsage: 1
  m_ReflectionProbeUsage: 1
  m_RayTracingMode: 2
  m_RayTraceProcedural: 0
  m_RenderingLayerMask: 1
  m_RendererPriority: 0
  m_Materials:
  - {fileID: 2100000, guid: df85ffe13d51bf442b0e34f75a3d3520, type: 2}
  m_StaticBatchInfo:
    firstSubMesh: 0
    subMeshCount: 0
  m_StaticBatchRoot: {fileID: 0}
  m_ProbeAnchor: {fileID: 0}
  m_LightProbeVolumeOverride: {fileID: 0}
  m_ScaleInLightmap: 1
  m_ReceiveGI: 1
  m_PreserveUVs: 0
  m_IgnoreNormalsForChartDetection: 0
  m_ImportantGI: 0
  m_StitchLightmapSeams: 1
  m_SelectedEditorRenderState: 3
  m_MinimumChartSize: 4
  m_AutoUVMaxDistance: 0.5
  m_AutoUVMaxAngle: 89
  m_LightmapParameters: {fileID: 0}
  m_SortingLayerID: 0
  m_SortingLayer: 0
  m_SortingOrder: 0
  m_AdditionalVertexStreams: {fileID: 0}
--- !u!65 &6825295271169925715
BoxCollider:
  m_ObjectHideFlags: 0
  m_CorrespondingSourceObject: {fileID: 0}
  m_PrefabInstance: {fileID: 0}
  m_PrefabAsset: {fileID: 0}
  m_GameObject: {fileID: 6825295271169925714}
  m_Material: {fileID: 0}
  m_IsTrigger: 0
  m_Enabled: 1
  serializedVersion: 2
  m_Size: {x: 1, y: 1, z: 1}
  m_Center: {x: 0, y: 0, z: 0}
--- !u!1 &6825295271437041065
GameObject:
  m_ObjectHideFlags: 0
  m_CorrespondingSourceObject: {fileID: 0}
  m_PrefabInstance: {fileID: 0}
  m_PrefabAsset: {fileID: 0}
  serializedVersion: 6
  m_Component:
  - component: {fileID: 6825295271437041061}
  - component: {fileID: 6825295271437041060}
  - component: {fileID: 6825295271437041063}
  - component: {fileID: 6825295271437041062}
  m_Layer: 0
  m_Name: Cube (29)
  m_TagString: Untagged
  m_Icon: {fileID: 0}
  m_NavMeshLayer: 0
  m_StaticEditorFlags: 0
  m_IsActive: 1
--- !u!4 &6825295271437041061
Transform:
  m_ObjectHideFlags: 0
  m_CorrespondingSourceObject: {fileID: 0}
  m_PrefabInstance: {fileID: 0}
  m_PrefabAsset: {fileID: 0}
  m_GameObject: {fileID: 6825295271437041065}
  m_LocalRotation: {x: -0, y: -0.99997693, z: -0, w: -0.006793754}
  m_LocalPosition: {x: 2.0967007, y: 3.209, z: 4.691}
  m_LocalScale: {x: 0.11983493, y: 0.10430547, z: 0.9719422}
  m_Children: []
  m_Father: {fileID: 7374483474804708378}
  m_RootOrder: 3
  m_LocalEulerAnglesHint: {x: 0, y: -180.779, z: 0}
--- !u!33 &6825295271437041060
MeshFilter:
  m_ObjectHideFlags: 0
  m_CorrespondingSourceObject: {fileID: 0}
  m_PrefabInstance: {fileID: 0}
  m_PrefabAsset: {fileID: 0}
  m_GameObject: {fileID: 6825295271437041065}
  m_Mesh: {fileID: 10202, guid: 0000000000000000e000000000000000, type: 0}
--- !u!23 &6825295271437041063
MeshRenderer:
  m_ObjectHideFlags: 0
  m_CorrespondingSourceObject: {fileID: 0}
  m_PrefabInstance: {fileID: 0}
  m_PrefabAsset: {fileID: 0}
  m_GameObject: {fileID: 6825295271437041065}
  m_Enabled: 1
  m_CastShadows: 1
  m_ReceiveShadows: 1
  m_DynamicOccludee: 1
  m_MotionVectors: 1
  m_LightProbeUsage: 1
  m_ReflectionProbeUsage: 1
  m_RayTracingMode: 2
  m_RayTraceProcedural: 0
  m_RenderingLayerMask: 1
  m_RendererPriority: 0
  m_Materials:
  - {fileID: 2100000, guid: df85ffe13d51bf442b0e34f75a3d3520, type: 2}
  m_StaticBatchInfo:
    firstSubMesh: 0
    subMeshCount: 0
  m_StaticBatchRoot: {fileID: 0}
  m_ProbeAnchor: {fileID: 0}
  m_LightProbeVolumeOverride: {fileID: 0}
  m_ScaleInLightmap: 1
  m_ReceiveGI: 1
  m_PreserveUVs: 0
  m_IgnoreNormalsForChartDetection: 0
  m_ImportantGI: 0
  m_StitchLightmapSeams: 1
  m_SelectedEditorRenderState: 3
  m_MinimumChartSize: 4
  m_AutoUVMaxDistance: 0.5
  m_AutoUVMaxAngle: 89
  m_LightmapParameters: {fileID: 0}
  m_SortingLayerID: 0
  m_SortingLayer: 0
  m_SortingOrder: 0
  m_AdditionalVertexStreams: {fileID: 0}
--- !u!65 &6825295271437041062
BoxCollider:
  m_ObjectHideFlags: 0
  m_CorrespondingSourceObject: {fileID: 0}
  m_PrefabInstance: {fileID: 0}
  m_PrefabAsset: {fileID: 0}
  m_GameObject: {fileID: 6825295271437041065}
  m_Material: {fileID: 0}
  m_IsTrigger: 0
  m_Enabled: 1
  serializedVersion: 2
  m_Size: {x: 1, y: 1, z: 1}
  m_Center: {x: 0, y: 0, z: 0}
--- !u!1 &6825295271491125779
GameObject:
  m_ObjectHideFlags: 0
  m_CorrespondingSourceObject: {fileID: 0}
  m_PrefabInstance: {fileID: 0}
  m_PrefabAsset: {fileID: 0}
  serializedVersion: 6
  m_Component:
  - component: {fileID: 6825295271491125999}
  - component: {fileID: 6825295271491125998}
  - component: {fileID: 6825295271491125777}
  - component: {fileID: 6825295271491125776}
  m_Layer: 0
  m_Name: Cube (27)
  m_TagString: Untagged
  m_Icon: {fileID: 0}
  m_NavMeshLayer: 0
  m_StaticEditorFlags: 0
  m_IsActive: 1
--- !u!4 &6825295271491125999
Transform:
  m_ObjectHideFlags: 0
  m_CorrespondingSourceObject: {fileID: 0}
  m_PrefabInstance: {fileID: 0}
  m_PrefabAsset: {fileID: 0}
  m_GameObject: {fileID: 6825295271491125779}
  m_LocalRotation: {x: -0, y: -0.99997693, z: -0, w: -0.006793754}
  m_LocalPosition: {x: 2.0909023, y: 2.493, z: 5.1239004}
  m_LocalScale: {x: 0.11983493, y: 1.3639694, z: 0.09203576}
  m_Children: []
  m_Father: {fileID: 7374483474804708378}
  m_RootOrder: 1
  m_LocalEulerAnglesHint: {x: 0, y: -180.779, z: 0}
--- !u!33 &6825295271491125998
MeshFilter:
  m_ObjectHideFlags: 0
  m_CorrespondingSourceObject: {fileID: 0}
  m_PrefabInstance: {fileID: 0}
  m_PrefabAsset: {fileID: 0}
  m_GameObject: {fileID: 6825295271491125779}
  m_Mesh: {fileID: 10202, guid: 0000000000000000e000000000000000, type: 0}
--- !u!23 &6825295271491125777
MeshRenderer:
  m_ObjectHideFlags: 0
  m_CorrespondingSourceObject: {fileID: 0}
  m_PrefabInstance: {fileID: 0}
  m_PrefabAsset: {fileID: 0}
  m_GameObject: {fileID: 6825295271491125779}
  m_Enabled: 1
  m_CastShadows: 1
  m_ReceiveShadows: 1
  m_DynamicOccludee: 1
  m_MotionVectors: 1
  m_LightProbeUsage: 1
  m_ReflectionProbeUsage: 1
  m_RayTracingMode: 2
  m_RayTraceProcedural: 0
  m_RenderingLayerMask: 1
  m_RendererPriority: 0
  m_Materials:
  - {fileID: 2100000, guid: df85ffe13d51bf442b0e34f75a3d3520, type: 2}
  m_StaticBatchInfo:
    firstSubMesh: 0
    subMeshCount: 0
  m_StaticBatchRoot: {fileID: 0}
  m_ProbeAnchor: {fileID: 0}
  m_LightProbeVolumeOverride: {fileID: 0}
  m_ScaleInLightmap: 1
  m_ReceiveGI: 1
  m_PreserveUVs: 0
  m_IgnoreNormalsForChartDetection: 0
  m_ImportantGI: 0
  m_StitchLightmapSeams: 1
  m_SelectedEditorRenderState: 3
  m_MinimumChartSize: 4
  m_AutoUVMaxDistance: 0.5
  m_AutoUVMaxAngle: 89
  m_LightmapParameters: {fileID: 0}
  m_SortingLayerID: 0
  m_SortingLayer: 0
  m_SortingOrder: 0
  m_AdditionalVertexStreams: {fileID: 0}
--- !u!65 &6825295271491125776
BoxCollider:
  m_ObjectHideFlags: 0
  m_CorrespondingSourceObject: {fileID: 0}
  m_PrefabInstance: {fileID: 0}
  m_PrefabAsset: {fileID: 0}
  m_GameObject: {fileID: 6825295271491125779}
  m_Material: {fileID: 0}
  m_IsTrigger: 0
  m_Enabled: 1
  serializedVersion: 2
  m_Size: {x: 1, y: 1, z: 1}
  m_Center: {x: 0, y: 0, z: 0}
--- !u!1 &6825295271977790898
GameObject:
  m_ObjectHideFlags: 0
  m_CorrespondingSourceObject: {fileID: 0}
  m_PrefabInstance: {fileID: 0}
  m_PrefabAsset: {fileID: 0}
  serializedVersion: 6
  m_Component:
  - component: {fileID: 6825295271977790862}
  - component: {fileID: 6825295271977790897}
  - component: {fileID: 6825295271977790896}
  - component: {fileID: 6825295271977790899}
  m_Layer: 0
  m_Name: Plane (1)
  m_TagString: Walls
  m_Icon: {fileID: 0}
  m_NavMeshLayer: 0
  m_StaticEditorFlags: 0
  m_IsActive: 1
--- !u!4 &6825295271977790862
Transform:
  m_ObjectHideFlags: 0
  m_CorrespondingSourceObject: {fileID: 0}
  m_PrefabInstance: {fileID: 0}
  m_PrefabAsset: {fileID: 0}
  m_GameObject: {fileID: 6825295271977790898}
  m_LocalRotation: {x: -0, y: -0, z: -0, w: 1}
  m_LocalPosition: {x: 0, y: 1.0369377, z: 2.19}
  m_LocalScale: {x: 0.58878, y: 1, z: 0.96124}
  m_Children: []
  m_Father: {fileID: 223712799462994722}
  m_RootOrder: 0
  m_LocalEulerAnglesHint: {x: 0, y: 0, z: 0}
--- !u!33 &6825295271977790897
MeshFilter:
  m_ObjectHideFlags: 0
  m_CorrespondingSourceObject: {fileID: 0}
  m_PrefabInstance: {fileID: 0}
  m_PrefabAsset: {fileID: 0}
  m_GameObject: {fileID: 6825295271977790898}
  m_Mesh: {fileID: 10209, guid: 0000000000000000e000000000000000, type: 0}
--- !u!23 &6825295271977790896
MeshRenderer:
  m_ObjectHideFlags: 0
  m_CorrespondingSourceObject: {fileID: 0}
  m_PrefabInstance: {fileID: 0}
  m_PrefabAsset: {fileID: 0}
  m_GameObject: {fileID: 6825295271977790898}
  m_Enabled: 1
  m_CastShadows: 1
  m_ReceiveShadows: 1
  m_DynamicOccludee: 1
  m_MotionVectors: 1
  m_LightProbeUsage: 1
  m_ReflectionProbeUsage: 1
  m_RayTracingMode: 2
  m_RayTraceProcedural: 0
  m_RenderingLayerMask: 1
  m_RendererPriority: 0
  m_Materials:
  - {fileID: 2100000, guid: 0efdb51c817dde141a7982df961a0518, type: 2}
  m_StaticBatchInfo:
    firstSubMesh: 0
    subMeshCount: 0
  m_StaticBatchRoot: {fileID: 0}
  m_ProbeAnchor: {fileID: 0}
  m_LightProbeVolumeOverride: {fileID: 0}
  m_ScaleInLightmap: 1
  m_ReceiveGI: 1
  m_PreserveUVs: 0
  m_IgnoreNormalsForChartDetection: 0
  m_ImportantGI: 0
  m_StitchLightmapSeams: 1
  m_SelectedEditorRenderState: 3
  m_MinimumChartSize: 4
  m_AutoUVMaxDistance: 0.5
  m_AutoUVMaxAngle: 89
  m_LightmapParameters: {fileID: 0}
  m_SortingLayerID: 0
  m_SortingLayer: 0
  m_SortingOrder: 0
  m_AdditionalVertexStreams: {fileID: 0}
--- !u!64 &6825295271977790899
MeshCollider:
  m_ObjectHideFlags: 0
  m_CorrespondingSourceObject: {fileID: 0}
  m_PrefabInstance: {fileID: 0}
  m_PrefabAsset: {fileID: 0}
  m_GameObject: {fileID: 6825295271977790898}
  m_Material: {fileID: 0}
  m_IsTrigger: 0
  m_Enabled: 1
  serializedVersion: 4
  m_Convex: 0
  m_CookingOptions: 30
  m_Mesh: {fileID: 10209, guid: 0000000000000000e000000000000000, type: 0}
--- !u!1 &6825295272035208966
GameObject:
  m_ObjectHideFlags: 0
  m_CorrespondingSourceObject: {fileID: 0}
  m_PrefabInstance: {fileID: 0}
  m_PrefabAsset: {fileID: 0}
  serializedVersion: 6
  m_Component:
  - component: {fileID: 6825295272035208962}
  - component: {fileID: 6825295272035208965}
  - component: {fileID: 6825295272035208964}
  - component: {fileID: 6825295272035208967}
  m_Layer: 0
  m_Name: Cube (31)
  m_TagString: Untagged
  m_Icon: {fileID: 0}
  m_NavMeshLayer: 0
  m_StaticEditorFlags: 0
  m_IsActive: 1
--- !u!4 &6825295272035208962
Transform:
  m_ObjectHideFlags: 0
  m_CorrespondingSourceObject: {fileID: 0}
  m_PrefabInstance: {fileID: 0}
  m_PrefabAsset: {fileID: 0}
  m_GameObject: {fileID: 6825295272035208966}
  m_LocalRotation: {x: -0, y: -0.99997693, z: -0, w: -0.006793754}
  m_LocalPosition: {x: 2.096901, y: 2.493, z: 4.676}
  m_LocalScale: {x: 0.11983493, y: 1.3639694, z: 0.09203576}
  m_Children: []
  m_Father: {fileID: 7374483474804708378}
  m_RootOrder: 5
  m_LocalEulerAnglesHint: {x: 0, y: -180.779, z: 0}
--- !u!33 &6825295272035208965
MeshFilter:
  m_ObjectHideFlags: 0
  m_CorrespondingSourceObject: {fileID: 0}
  m_PrefabInstance: {fileID: 0}
  m_PrefabAsset: {fileID: 0}
  m_GameObject: {fileID: 6825295272035208966}
  m_Mesh: {fileID: 10202, guid: 0000000000000000e000000000000000, type: 0}
--- !u!23 &6825295272035208964
MeshRenderer:
  m_ObjectHideFlags: 0
  m_CorrespondingSourceObject: {fileID: 0}
  m_PrefabInstance: {fileID: 0}
  m_PrefabAsset: {fileID: 0}
  m_GameObject: {fileID: 6825295272035208966}
  m_Enabled: 1
  m_CastShadows: 1
  m_ReceiveShadows: 1
  m_DynamicOccludee: 1
  m_MotionVectors: 1
  m_LightProbeUsage: 1
  m_ReflectionProbeUsage: 1
  m_RayTracingMode: 2
  m_RayTraceProcedural: 0
  m_RenderingLayerMask: 1
  m_RendererPriority: 0
  m_Materials:
  - {fileID: 2100000, guid: df85ffe13d51bf442b0e34f75a3d3520, type: 2}
  m_StaticBatchInfo:
    firstSubMesh: 0
    subMeshCount: 0
  m_StaticBatchRoot: {fileID: 0}
  m_ProbeAnchor: {fileID: 0}
  m_LightProbeVolumeOverride: {fileID: 0}
  m_ScaleInLightmap: 1
  m_ReceiveGI: 1
  m_PreserveUVs: 0
  m_IgnoreNormalsForChartDetection: 0
  m_ImportantGI: 0
  m_StitchLightmapSeams: 1
  m_SelectedEditorRenderState: 3
  m_MinimumChartSize: 4
  m_AutoUVMaxDistance: 0.5
  m_AutoUVMaxAngle: 89
  m_LightmapParameters: {fileID: 0}
  m_SortingLayerID: 0
  m_SortingLayer: 0
  m_SortingOrder: 0
  m_AdditionalVertexStreams: {fileID: 0}
--- !u!65 &6825295272035208967
BoxCollider:
  m_ObjectHideFlags: 0
  m_CorrespondingSourceObject: {fileID: 0}
  m_PrefabInstance: {fileID: 0}
  m_PrefabAsset: {fileID: 0}
  m_GameObject: {fileID: 6825295272035208966}
  m_Material: {fileID: 0}
  m_IsTrigger: 0
  m_Enabled: 1
  serializedVersion: 2
  m_Size: {x: 1, y: 1, z: 1}
  m_Center: {x: 0, y: 0, z: 0}
--- !u!1 &6825295272044713904
GameObject:
  m_ObjectHideFlags: 0
  m_CorrespondingSourceObject: {fileID: 0}
  m_PrefabInstance: {fileID: 0}
  m_PrefabAsset: {fileID: 0}
  serializedVersion: 6
  m_Component:
  - component: {fileID: 6825295272044713868}
  - component: {fileID: 6825295272044713871}
  - component: {fileID: 6825295272044713870}
  - component: {fileID: 6825295272044713905}
  m_Layer: 0
  m_Name: Cube (35)
  m_TagString: Untagged
  m_Icon: {fileID: 0}
  m_NavMeshLayer: 0
  m_StaticEditorFlags: 0
  m_IsActive: 1
--- !u!4 &6825295272044713868
Transform:
  m_ObjectHideFlags: 0
  m_CorrespondingSourceObject: {fileID: 0}
  m_PrefabInstance: {fileID: 0}
  m_PrefabAsset: {fileID: 0}
  m_GameObject: {fileID: 6825295272044713904}
  m_LocalRotation: {x: -0, y: -0.99997693, z: -0, w: -0.006793754}
  m_LocalPosition: {x: 2.1123009, y: 3.209, z: -0.388}
  m_LocalScale: {x: 0.1067, y: 0.10430547, z: 0.9719422}
  m_Children: []
  m_Father: {fileID: 7374483474804708378}
  m_RootOrder: 9
  m_LocalEulerAnglesHint: {x: 0, y: -180.779, z: 0}
--- !u!33 &6825295272044713871
MeshFilter:
  m_ObjectHideFlags: 0
  m_CorrespondingSourceObject: {fileID: 0}
  m_PrefabInstance: {fileID: 0}
  m_PrefabAsset: {fileID: 0}
  m_GameObject: {fileID: 6825295272044713904}
  m_Mesh: {fileID: 10202, guid: 0000000000000000e000000000000000, type: 0}
--- !u!23 &6825295272044713870
MeshRenderer:
  m_ObjectHideFlags: 0
  m_CorrespondingSourceObject: {fileID: 0}
  m_PrefabInstance: {fileID: 0}
  m_PrefabAsset: {fileID: 0}
  m_GameObject: {fileID: 6825295272044713904}
  m_Enabled: 1
  m_CastShadows: 1
  m_ReceiveShadows: 1
  m_DynamicOccludee: 1
  m_MotionVectors: 1
  m_LightProbeUsage: 1
  m_ReflectionProbeUsage: 1
  m_RayTracingMode: 2
  m_RayTraceProcedural: 0
  m_RenderingLayerMask: 1
  m_RendererPriority: 0
  m_Materials:
  - {fileID: 2100000, guid: df85ffe13d51bf442b0e34f75a3d3520, type: 2}
  m_StaticBatchInfo:
    firstSubMesh: 0
    subMeshCount: 0
  m_StaticBatchRoot: {fileID: 0}
  m_ProbeAnchor: {fileID: 0}
  m_LightProbeVolumeOverride: {fileID: 0}
  m_ScaleInLightmap: 1
  m_ReceiveGI: 1
  m_PreserveUVs: 0
  m_IgnoreNormalsForChartDetection: 0
  m_ImportantGI: 0
  m_StitchLightmapSeams: 1
  m_SelectedEditorRenderState: 3
  m_MinimumChartSize: 4
  m_AutoUVMaxDistance: 0.5
  m_AutoUVMaxAngle: 89
  m_LightmapParameters: {fileID: 0}
  m_SortingLayerID: 0
  m_SortingLayer: 0
  m_SortingOrder: 0
  m_AdditionalVertexStreams: {fileID: 0}
--- !u!65 &6825295272044713905
BoxCollider:
  m_ObjectHideFlags: 0
  m_CorrespondingSourceObject: {fileID: 0}
  m_PrefabInstance: {fileID: 0}
  m_PrefabAsset: {fileID: 0}
  m_GameObject: {fileID: 6825295272044713904}
  m_Material: {fileID: 0}
  m_IsTrigger: 0
  m_Enabled: 1
  serializedVersion: 2
  m_Size: {x: 1, y: 1, z: 1}
  m_Center: {x: 0, y: 0, z: 0}
--- !u!1 &6825295272182397009
GameObject:
  m_ObjectHideFlags: 0
  m_CorrespondingSourceObject: {fileID: 0}
  m_PrefabInstance: {fileID: 0}
  m_PrefabAsset: {fileID: 0}
  serializedVersion: 6
  m_Component:
  - component: {fileID: 6825295272182396973}
  - component: {fileID: 6825295272182396972}
  - component: {fileID: 6825295272182396975}
  - component: {fileID: 6825295272182396974}
  m_Layer: 0
  m_Name: Cube (30)
  m_TagString: Untagged
  m_Icon: {fileID: 0}
  m_NavMeshLayer: 0
  m_StaticEditorFlags: 0
  m_IsActive: 1
--- !u!4 &6825295272182396973
Transform:
  m_ObjectHideFlags: 0
  m_CorrespondingSourceObject: {fileID: 0}
  m_PrefabInstance: {fileID: 0}
  m_PrefabAsset: {fileID: 0}
  m_GameObject: {fileID: 6825295272182397009}
  m_LocalRotation: {x: -0, y: -0.99997693, z: -0, w: -0.006793754}
  m_LocalPosition: {x: 2.0967007, y: 1.789, z: 4.691}
  m_LocalScale: {x: 0.11983493, y: 0.10430547, z: 0.9719422}
  m_Children: []
  m_Father: {fileID: 7374483474804708378}
  m_RootOrder: 4
  m_LocalEulerAnglesHint: {x: 0, y: -180.779, z: 0}
--- !u!33 &6825295272182396972
MeshFilter:
  m_ObjectHideFlags: 0
  m_CorrespondingSourceObject: {fileID: 0}
  m_PrefabInstance: {fileID: 0}
  m_PrefabAsset: {fileID: 0}
  m_GameObject: {fileID: 6825295272182397009}
  m_Mesh: {fileID: 10202, guid: 0000000000000000e000000000000000, type: 0}
--- !u!23 &6825295272182396975
MeshRenderer:
  m_ObjectHideFlags: 0
  m_CorrespondingSourceObject: {fileID: 0}
  m_PrefabInstance: {fileID: 0}
  m_PrefabAsset: {fileID: 0}
  m_GameObject: {fileID: 6825295272182397009}
  m_Enabled: 1
  m_CastShadows: 1
  m_ReceiveShadows: 1
  m_DynamicOccludee: 1
  m_MotionVectors: 1
  m_LightProbeUsage: 1
  m_ReflectionProbeUsage: 1
  m_RayTracingMode: 2
  m_RayTraceProcedural: 0
  m_RenderingLayerMask: 1
  m_RendererPriority: 0
  m_Materials:
  - {fileID: 2100000, guid: df85ffe13d51bf442b0e34f75a3d3520, type: 2}
  m_StaticBatchInfo:
    firstSubMesh: 0
    subMeshCount: 0
  m_StaticBatchRoot: {fileID: 0}
  m_ProbeAnchor: {fileID: 0}
  m_LightProbeVolumeOverride: {fileID: 0}
  m_ScaleInLightmap: 1
  m_ReceiveGI: 1
  m_PreserveUVs: 0
  m_IgnoreNormalsForChartDetection: 0
  m_ImportantGI: 0
  m_StitchLightmapSeams: 1
  m_SelectedEditorRenderState: 3
  m_MinimumChartSize: 4
  m_AutoUVMaxDistance: 0.5
  m_AutoUVMaxAngle: 89
  m_LightmapParameters: {fileID: 0}
  m_SortingLayerID: 0
  m_SortingLayer: 0
  m_SortingOrder: 0
  m_AdditionalVertexStreams: {fileID: 0}
--- !u!65 &6825295272182396974
BoxCollider:
  m_ObjectHideFlags: 0
  m_CorrespondingSourceObject: {fileID: 0}
  m_PrefabInstance: {fileID: 0}
  m_PrefabAsset: {fileID: 0}
  m_GameObject: {fileID: 6825295272182397009}
  m_Material: {fileID: 0}
  m_IsTrigger: 0
  m_Enabled: 1
  serializedVersion: 2
  m_Size: {x: 1, y: 1, z: 1}
  m_Center: {x: 0, y: 0, z: 0}
--- !u!1 &6825295272354870868
GameObject:
  m_ObjectHideFlags: 0
  m_CorrespondingSourceObject: {fileID: 0}
  m_PrefabInstance: {fileID: 0}
  m_PrefabAsset: {fileID: 0}
  serializedVersion: 6
  m_Component:
  - component: {fileID: 6825295272354870864}
  - component: {fileID: 6825295272354870867}
  - component: {fileID: 6825295272354870866}
  - component: {fileID: 6825295272354870869}
  m_Layer: 0
  m_Name: Cube (36)
  m_TagString: Untagged
  m_Icon: {fileID: 0}
  m_NavMeshLayer: 0
  m_StaticEditorFlags: 0
  m_IsActive: 1
--- !u!4 &6825295272354870864
Transform:
  m_ObjectHideFlags: 0
  m_CorrespondingSourceObject: {fileID: 0}
  m_PrefabInstance: {fileID: 0}
  m_PrefabAsset: {fileID: 0}
  m_GameObject: {fileID: 6825295272354870868}
  m_LocalRotation: {x: -0, y: -0.99997693, z: -0, w: -0.006793754}
  m_LocalPosition: {x: 2.1123009, y: 1.789, z: -0.388}
  m_LocalScale: {x: 0.1067, y: 0.10430547, z: 0.9719422}
  m_Children: []
  m_Father: {fileID: 7374483474804708378}
  m_RootOrder: 10
  m_LocalEulerAnglesHint: {x: 0, y: -180.779, z: 0}
--- !u!33 &6825295272354870867
MeshFilter:
  m_ObjectHideFlags: 0
  m_CorrespondingSourceObject: {fileID: 0}
  m_PrefabInstance: {fileID: 0}
  m_PrefabAsset: {fileID: 0}
  m_GameObject: {fileID: 6825295272354870868}
  m_Mesh: {fileID: 10202, guid: 0000000000000000e000000000000000, type: 0}
--- !u!23 &6825295272354870866
MeshRenderer:
  m_ObjectHideFlags: 0
  m_CorrespondingSourceObject: {fileID: 0}
  m_PrefabInstance: {fileID: 0}
  m_PrefabAsset: {fileID: 0}
  m_GameObject: {fileID: 6825295272354870868}
  m_Enabled: 1
  m_CastShadows: 1
  m_ReceiveShadows: 1
  m_DynamicOccludee: 1
  m_MotionVectors: 1
  m_LightProbeUsage: 1
  m_ReflectionProbeUsage: 1
  m_RayTracingMode: 2
  m_RayTraceProcedural: 0
  m_RenderingLayerMask: 1
  m_RendererPriority: 0
  m_Materials:
  - {fileID: 2100000, guid: df85ffe13d51bf442b0e34f75a3d3520, type: 2}
  m_StaticBatchInfo:
    firstSubMesh: 0
    subMeshCount: 0
  m_StaticBatchRoot: {fileID: 0}
  m_ProbeAnchor: {fileID: 0}
  m_LightProbeVolumeOverride: {fileID: 0}
  m_ScaleInLightmap: 1
  m_ReceiveGI: 1
  m_PreserveUVs: 0
  m_IgnoreNormalsForChartDetection: 0
  m_ImportantGI: 0
  m_StitchLightmapSeams: 1
  m_SelectedEditorRenderState: 3
  m_MinimumChartSize: 4
  m_AutoUVMaxDistance: 0.5
  m_AutoUVMaxAngle: 89
  m_LightmapParameters: {fileID: 0}
  m_SortingLayerID: 0
  m_SortingLayer: 0
  m_SortingOrder: 0
  m_AdditionalVertexStreams: {fileID: 0}
--- !u!65 &6825295272354870869
BoxCollider:
  m_ObjectHideFlags: 0
  m_CorrespondingSourceObject: {fileID: 0}
  m_PrefabInstance: {fileID: 0}
  m_PrefabAsset: {fileID: 0}
  m_GameObject: {fileID: 6825295272354870868}
  m_Material: {fileID: 0}
  m_IsTrigger: 0
  m_Enabled: 1
  serializedVersion: 2
  m_Size: {x: 1, y: 1, z: 1}
  m_Center: {x: 0, y: 0, z: 0}
--- !u!1 &6825295272392814081
GameObject:
  m_ObjectHideFlags: 0
  m_CorrespondingSourceObject: {fileID: 0}
  m_PrefabInstance: {fileID: 0}
  m_PrefabAsset: {fileID: 0}
  serializedVersion: 6
  m_Component:
  - component: {fileID: 6825295272392814109}
  - component: {fileID: 6825295272392814108}
  - component: {fileID: 6825295272392814111}
  - component: {fileID: 6825295272392814110}
  m_Layer: 0
  m_Name: Cube (33)
  m_TagString: Untagged
  m_Icon: {fileID: 0}
  m_NavMeshLayer: 0
  m_StaticEditorFlags: 0
  m_IsActive: 1
--- !u!4 &6825295272392814109
Transform:
  m_ObjectHideFlags: 0
  m_CorrespondingSourceObject: {fileID: 0}
  m_PrefabInstance: {fileID: 0}
  m_PrefabAsset: {fileID: 0}
  m_GameObject: {fileID: 6825295272392814081}
  m_LocalRotation: {x: -0, y: -0.99997693, z: -0, w: -0.006793754}
  m_LocalPosition: {x: 2.1064014, y: 2.493, z: 0.04489994}
  m_LocalScale: {x: 0.1067, y: 1.3639694, z: 0.09203576}
  m_Children: []
  m_Father: {fileID: 7374483474804708378}
  m_RootOrder: 7
  m_LocalEulerAnglesHint: {x: 0, y: -180.779, z: 0}
--- !u!33 &6825295272392814108
MeshFilter:
  m_ObjectHideFlags: 0
  m_CorrespondingSourceObject: {fileID: 0}
  m_PrefabInstance: {fileID: 0}
  m_PrefabAsset: {fileID: 0}
  m_GameObject: {fileID: 6825295272392814081}
  m_Mesh: {fileID: 10202, guid: 0000000000000000e000000000000000, type: 0}
--- !u!23 &6825295272392814111
MeshRenderer:
  m_ObjectHideFlags: 0
  m_CorrespondingSourceObject: {fileID: 0}
  m_PrefabInstance: {fileID: 0}
  m_PrefabAsset: {fileID: 0}
  m_GameObject: {fileID: 6825295272392814081}
  m_Enabled: 1
  m_CastShadows: 1
  m_ReceiveShadows: 1
  m_DynamicOccludee: 1
  m_MotionVectors: 1
  m_LightProbeUsage: 1
  m_ReflectionProbeUsage: 1
  m_RayTracingMode: 2
  m_RayTraceProcedural: 0
  m_RenderingLayerMask: 1
  m_RendererPriority: 0
  m_Materials:
  - {fileID: 2100000, guid: df85ffe13d51bf442b0e34f75a3d3520, type: 2}
  m_StaticBatchInfo:
    firstSubMesh: 0
    subMeshCount: 0
  m_StaticBatchRoot: {fileID: 0}
  m_ProbeAnchor: {fileID: 0}
  m_LightProbeVolumeOverride: {fileID: 0}
  m_ScaleInLightmap: 1
  m_ReceiveGI: 1
  m_PreserveUVs: 0
  m_IgnoreNormalsForChartDetection: 0
  m_ImportantGI: 0
  m_StitchLightmapSeams: 1
  m_SelectedEditorRenderState: 3
  m_MinimumChartSize: 4
  m_AutoUVMaxDistance: 0.5
  m_AutoUVMaxAngle: 89
  m_LightmapParameters: {fileID: 0}
  m_SortingLayerID: 0
  m_SortingLayer: 0
  m_SortingOrder: 0
  m_AdditionalVertexStreams: {fileID: 0}
--- !u!65 &6825295272392814110
BoxCollider:
  m_ObjectHideFlags: 0
  m_CorrespondingSourceObject: {fileID: 0}
  m_PrefabInstance: {fileID: 0}
  m_PrefabAsset: {fileID: 0}
  m_GameObject: {fileID: 6825295272392814081}
  m_Material: {fileID: 0}
  m_IsTrigger: 0
  m_Enabled: 1
  serializedVersion: 2
  m_Size: {x: 1, y: 1, z: 1}
  m_Center: {x: 0, y: 0, z: 0}
--- !u!1 &6825295272412485216
GameObject:
  m_ObjectHideFlags: 0
  m_CorrespondingSourceObject: {fileID: 0}
  m_PrefabInstance: {fileID: 0}
  m_PrefabAsset: {fileID: 0}
  serializedVersion: 6
  m_Component:
  - component: {fileID: 6825295272412485244}
  - component: {fileID: 6825295272412485247}
  - component: {fileID: 6825295272412485246}
  - component: {fileID: 6825295272412485217}
  m_Layer: 0
  m_Name: Cube (26)
  m_TagString: Untagged
  m_Icon: {fileID: 0}
  m_NavMeshLayer: 0
  m_StaticEditorFlags: 0
  m_IsActive: 1
--- !u!4 &6825295272412485244
Transform:
  m_ObjectHideFlags: 0
  m_CorrespondingSourceObject: {fileID: 0}
  m_PrefabInstance: {fileID: 0}
  m_PrefabAsset: {fileID: 0}
  m_GameObject: {fileID: 6825295272412485216}
  m_LocalRotation: {x: -0, y: -0.99997693, z: -0, w: -0.006793754}
  m_LocalPosition: {x: 2.160101, y: 2.493, z: 4.6769}
  m_LocalScale: {x: 0.1201, y: 1.3639694, z: 0.9455956}
  m_Children: []
  m_Father: {fileID: 7374483474804708378}
  m_RootOrder: 0
  m_LocalEulerAnglesHint: {x: 0, y: -180.779, z: 0}
--- !u!33 &6825295272412485247
MeshFilter:
  m_ObjectHideFlags: 0
  m_CorrespondingSourceObject: {fileID: 0}
  m_PrefabInstance: {fileID: 0}
  m_PrefabAsset: {fileID: 0}
  m_GameObject: {fileID: 6825295272412485216}
  m_Mesh: {fileID: 10202, guid: 0000000000000000e000000000000000, type: 0}
--- !u!23 &6825295272412485246
MeshRenderer:
  m_ObjectHideFlags: 0
  m_CorrespondingSourceObject: {fileID: 0}
  m_PrefabInstance: {fileID: 0}
  m_PrefabAsset: {fileID: 0}
  m_GameObject: {fileID: 6825295272412485216}
  m_Enabled: 1
  m_CastShadows: 1
  m_ReceiveShadows: 1
  m_DynamicOccludee: 1
  m_MotionVectors: 1
  m_LightProbeUsage: 1
  m_ReflectionProbeUsage: 1
  m_RayTracingMode: 2
  m_RayTraceProcedural: 0
  m_RenderingLayerMask: 1
  m_RendererPriority: 0
  m_Materials:
  - {fileID: 2100000, guid: dc2ef0b1a1b36da44af340cf8e80f206, type: 2}
  m_StaticBatchInfo:
    firstSubMesh: 0
    subMeshCount: 0
  m_StaticBatchRoot: {fileID: 0}
  m_ProbeAnchor: {fileID: 0}
  m_LightProbeVolumeOverride: {fileID: 0}
  m_ScaleInLightmap: 1
  m_ReceiveGI: 1
  m_PreserveUVs: 0
  m_IgnoreNormalsForChartDetection: 0
  m_ImportantGI: 0
  m_StitchLightmapSeams: 1
  m_SelectedEditorRenderState: 3
  m_MinimumChartSize: 4
  m_AutoUVMaxDistance: 0.5
  m_AutoUVMaxAngle: 89
  m_LightmapParameters: {fileID: 0}
  m_SortingLayerID: 0
  m_SortingLayer: 0
  m_SortingOrder: 0
  m_AdditionalVertexStreams: {fileID: 0}
--- !u!65 &6825295272412485217
BoxCollider:
  m_ObjectHideFlags: 0
  m_CorrespondingSourceObject: {fileID: 0}
  m_PrefabInstance: {fileID: 0}
  m_PrefabAsset: {fileID: 0}
  m_GameObject: {fileID: 6825295272412485216}
  m_Material: {fileID: 0}
  m_IsTrigger: 0
  m_Enabled: 1
  serializedVersion: 2
  m_Size: {x: 1, y: 1, z: 1}
  m_Center: {x: 0, y: 0, z: 0}
--- !u!1 &6825295272489429407
GameObject:
  m_ObjectHideFlags: 0
  m_CorrespondingSourceObject: {fileID: 0}
  m_PrefabInstance: {fileID: 0}
  m_PrefabAsset: {fileID: 0}
  serializedVersion: 6
  m_Component:
  - component: {fileID: 6825295272489429403}
  - component: {fileID: 6825295272489429402}
  - component: {fileID: 6825295272489429405}
  - component: {fileID: 6825295272489429404}
  m_Layer: 0
  m_Name: Cube (32)
  m_TagString: Untagged
  m_Icon: {fileID: 0}
  m_NavMeshLayer: 0
  m_StaticEditorFlags: 0
  m_IsActive: 1
--- !u!4 &6825295272489429403
Transform:
  m_ObjectHideFlags: 0
  m_CorrespondingSourceObject: {fileID: 0}
  m_PrefabInstance: {fileID: 0}
  m_PrefabAsset: {fileID: 0}
  m_GameObject: {fileID: 6825295272489429407}
  m_LocalRotation: {x: -0, y: -0.99997693, z: -0, w: -0.006793754}
  m_LocalPosition: {x: 2.1108017, y: 2.493, z: -0.40269995}
  m_LocalScale: {x: 0.0095, y: 1.3639694, z: 0.9455956}
  m_Children: []
  m_Father: {fileID: 7374483474804708378}
  m_RootOrder: 6
  m_LocalEulerAnglesHint: {x: 0, y: -180.779, z: 0}
--- !u!33 &6825295272489429402
MeshFilter:
  m_ObjectHideFlags: 0
  m_CorrespondingSourceObject: {fileID: 0}
  m_PrefabInstance: {fileID: 0}
  m_PrefabAsset: {fileID: 0}
  m_GameObject: {fileID: 6825295272489429407}
  m_Mesh: {fileID: 10202, guid: 0000000000000000e000000000000000, type: 0}
--- !u!23 &6825295272489429405
MeshRenderer:
  m_ObjectHideFlags: 0
  m_CorrespondingSourceObject: {fileID: 0}
  m_PrefabInstance: {fileID: 0}
  m_PrefabAsset: {fileID: 0}
  m_GameObject: {fileID: 6825295272489429407}
  m_Enabled: 1
  m_CastShadows: 1
  m_ReceiveShadows: 1
  m_DynamicOccludee: 1
  m_MotionVectors: 1
  m_LightProbeUsage: 1
  m_ReflectionProbeUsage: 1
  m_RayTracingMode: 2
  m_RayTraceProcedural: 0
  m_RenderingLayerMask: 1
  m_RendererPriority: 0
  m_Materials:
  - {fileID: 2100000, guid: dc2ef0b1a1b36da44af340cf8e80f206, type: 2}
  m_StaticBatchInfo:
    firstSubMesh: 0
    subMeshCount: 0
  m_StaticBatchRoot: {fileID: 0}
  m_ProbeAnchor: {fileID: 0}
  m_LightProbeVolumeOverride: {fileID: 0}
  m_ScaleInLightmap: 1
  m_ReceiveGI: 1
  m_PreserveUVs: 0
  m_IgnoreNormalsForChartDetection: 0
  m_ImportantGI: 0
  m_StitchLightmapSeams: 1
  m_SelectedEditorRenderState: 3
  m_MinimumChartSize: 4
  m_AutoUVMaxDistance: 0.5
  m_AutoUVMaxAngle: 89
  m_LightmapParameters: {fileID: 0}
  m_SortingLayerID: 0
  m_SortingLayer: 0
  m_SortingOrder: 0
  m_AdditionalVertexStreams: {fileID: 0}
--- !u!65 &6825295272489429404
BoxCollider:
  m_ObjectHideFlags: 0
  m_CorrespondingSourceObject: {fileID: 0}
  m_PrefabInstance: {fileID: 0}
  m_PrefabAsset: {fileID: 0}
  m_GameObject: {fileID: 6825295272489429407}
  m_Material: {fileID: 0}
  m_IsTrigger: 0
  m_Enabled: 1
  serializedVersion: 2
  m_Size: {x: 1, y: 1, z: 1}
  m_Center: {x: 0, y: 0, z: 0}
--- !u!1 &6825295272493065314
GameObject:
  m_ObjectHideFlags: 0
  m_CorrespondingSourceObject: {fileID: 0}
  m_PrefabInstance: {fileID: 0}
  m_PrefabAsset: {fileID: 0}
  serializedVersion: 6
  m_Component:
  - component: {fileID: 6825295272493065342}
  - component: {fileID: 6825295272493065313}
  - component: {fileID: 6825295272493065312}
  - component: {fileID: 6825295272493065315}
  m_Layer: 0
  m_Name: Cube (28)
  m_TagString: Untagged
  m_Icon: {fileID: 0}
  m_NavMeshLayer: 0
  m_StaticEditorFlags: 0
  m_IsActive: 1
--- !u!4 &6825295272493065342
Transform:
  m_ObjectHideFlags: 0
  m_CorrespondingSourceObject: {fileID: 0}
  m_PrefabInstance: {fileID: 0}
  m_PrefabAsset: {fileID: 0}
  m_GameObject: {fileID: 6825295272493065314}
  m_LocalRotation: {x: -0, y: -0.99997693, z: -0, w: -0.006793754}
  m_LocalPosition: {x: 2.1028023, y: 2.493, z: 4.245}
  m_LocalScale: {x: 0.11983493, y: 1.3639694, z: 0.09203576}
  m_Children: []
  m_Father: {fileID: 7374483474804708378}
  m_RootOrder: 2
  m_LocalEulerAnglesHint: {x: 0, y: -180.779, z: 0}
--- !u!33 &6825295272493065313
MeshFilter:
  m_ObjectHideFlags: 0
  m_CorrespondingSourceObject: {fileID: 0}
  m_PrefabInstance: {fileID: 0}
  m_PrefabAsset: {fileID: 0}
  m_GameObject: {fileID: 6825295272493065314}
  m_Mesh: {fileID: 10202, guid: 0000000000000000e000000000000000, type: 0}
--- !u!23 &6825295272493065312
MeshRenderer:
  m_ObjectHideFlags: 0
  m_CorrespondingSourceObject: {fileID: 0}
  m_PrefabInstance: {fileID: 0}
  m_PrefabAsset: {fileID: 0}
  m_GameObject: {fileID: 6825295272493065314}
  m_Enabled: 1
  m_CastShadows: 1
  m_ReceiveShadows: 1
  m_DynamicOccludee: 1
  m_MotionVectors: 1
  m_LightProbeUsage: 1
  m_ReflectionProbeUsage: 1
  m_RayTracingMode: 2
  m_RayTraceProcedural: 0
  m_RenderingLayerMask: 1
  m_RendererPriority: 0
  m_Materials:
  - {fileID: 2100000, guid: df85ffe13d51bf442b0e34f75a3d3520, type: 2}
  m_StaticBatchInfo:
    firstSubMesh: 0
    subMeshCount: 0
  m_StaticBatchRoot: {fileID: 0}
  m_ProbeAnchor: {fileID: 0}
  m_LightProbeVolumeOverride: {fileID: 0}
  m_ScaleInLightmap: 1
  m_ReceiveGI: 1
  m_PreserveUVs: 0
  m_IgnoreNormalsForChartDetection: 0
  m_ImportantGI: 0
  m_StitchLightmapSeams: 1
  m_SelectedEditorRenderState: 3
  m_MinimumChartSize: 4
  m_AutoUVMaxDistance: 0.5
  m_AutoUVMaxAngle: 89
  m_LightmapParameters: {fileID: 0}
  m_SortingLayerID: 0
  m_SortingLayer: 0
  m_SortingOrder: 0
  m_AdditionalVertexStreams: {fileID: 0}
--- !u!65 &6825295272493065315
BoxCollider:
  m_ObjectHideFlags: 0
  m_CorrespondingSourceObject: {fileID: 0}
  m_PrefabInstance: {fileID: 0}
  m_PrefabAsset: {fileID: 0}
  m_GameObject: {fileID: 6825295272493065314}
  m_Material: {fileID: 0}
  m_IsTrigger: 0
  m_Enabled: 1
  serializedVersion: 2
  m_Size: {x: 1, y: 1, z: 1}
  m_Center: {x: 0, y: 0, z: 0}
--- !u!1001 &1487454646828762239
PrefabInstance:
  m_ObjectHideFlags: 0
  serializedVersion: 2
  m_Modification:
    m_TransformParent: {fileID: 223712799462994722}
    m_Modifications:
    - target: {fileID: 639675634224196225, guid: fbbf7e9d38e5c5e4f9705771fef71878, type: 3}
      propertyPath: m_Materials.Array.data[0]
      value: 
      objectReference: {fileID: 2100000, guid: b0a631868675900479922b4d97265d2a, type: 2}
    - target: {fileID: 1529797825172128960, guid: fbbf7e9d38e5c5e4f9705771fef71878, type: 3}
      propertyPath: m_RootOrder
      value: 7
      objectReference: {fileID: 0}
    - target: {fileID: 1529797825172128960, guid: fbbf7e9d38e5c5e4f9705771fef71878, type: 3}
      propertyPath: m_LocalScale.x
      value: 0.25854
      objectReference: {fileID: 0}
    - target: {fileID: 1529797825172128960, guid: fbbf7e9d38e5c5e4f9705771fef71878, type: 3}
      propertyPath: m_LocalScale.y
      value: 3.5417497
      objectReference: {fileID: 0}
    - target: {fileID: 1529797825172128960, guid: fbbf7e9d38e5c5e4f9705771fef71878, type: 3}
      propertyPath: m_LocalScale.z
      value: 9.745247
      objectReference: {fileID: 0}
    - target: {fileID: 1529797825172128960, guid: fbbf7e9d38e5c5e4f9705771fef71878, type: 3}
      propertyPath: m_LocalPosition.x
      value: 2.44
      objectReference: {fileID: 0}
    - target: {fileID: 1529797825172128960, guid: fbbf7e9d38e5c5e4f9705771fef71878, type: 3}
      propertyPath: m_LocalPosition.y
      value: 1.85
      objectReference: {fileID: 0}
    - target: {fileID: 1529797825172128960, guid: fbbf7e9d38e5c5e4f9705771fef71878, type: 3}
      propertyPath: m_LocalPosition.z
      value: 2.0900002
      objectReference: {fileID: 0}
    - target: {fileID: 1529797825172128960, guid: fbbf7e9d38e5c5e4f9705771fef71878, type: 3}
      propertyPath: m_LocalRotation.w
      value: 0.92387956
      objectReference: {fileID: 0}
    - target: {fileID: 1529797825172128960, guid: fbbf7e9d38e5c5e4f9705771fef71878, type: 3}
      propertyPath: m_LocalRotation.x
      value: 0
      objectReference: {fileID: 0}
    - target: {fileID: 1529797825172128960, guid: fbbf7e9d38e5c5e4f9705771fef71878, type: 3}
      propertyPath: m_LocalRotation.y
      value: 0
      objectReference: {fileID: 0}
    - target: {fileID: 1529797825172128960, guid: fbbf7e9d38e5c5e4f9705771fef71878, type: 3}
      propertyPath: m_LocalRotation.z
      value: -0.38268343
      objectReference: {fileID: 0}
    - target: {fileID: 1529797825172128960, guid: fbbf7e9d38e5c5e4f9705771fef71878, type: 3}
      propertyPath: m_LocalEulerAnglesHint.x
      value: 0
      objectReference: {fileID: 0}
    - target: {fileID: 1529797825172128960, guid: fbbf7e9d38e5c5e4f9705771fef71878, type: 3}
      propertyPath: m_LocalEulerAnglesHint.y
      value: 0
      objectReference: {fileID: 0}
    - target: {fileID: 1529797825172128960, guid: fbbf7e9d38e5c5e4f9705771fef71878, type: 3}
      propertyPath: m_LocalEulerAnglesHint.z
      value: -45
      objectReference: {fileID: 0}
    - target: {fileID: 2638159418511272150, guid: fbbf7e9d38e5c5e4f9705771fef71878, type: 3}
      propertyPath: m_Name
      value: Cube (12)
      objectReference: {fileID: 0}
    - target: {fileID: 2638159418511272150, guid: fbbf7e9d38e5c5e4f9705771fef71878, type: 3}
      propertyPath: m_IsActive
      value: 0
      objectReference: {fileID: 0}
    m_RemovedComponents: []
  m_SourcePrefab: {fileID: 100100000, guid: fbbf7e9d38e5c5e4f9705771fef71878, type: 3}
--- !u!4 &116652800371802303 stripped
Transform:
  m_CorrespondingSourceObject: {fileID: 1529797825172128960, guid: fbbf7e9d38e5c5e4f9705771fef71878, type: 3}
  m_PrefabInstance: {fileID: 1487454646828762239}
  m_PrefabAsset: {fileID: 0}
--- !u!1001 &2257788781051956060
PrefabInstance:
  m_ObjectHideFlags: 0
  serializedVersion: 2
  m_Modification:
    m_TransformParent: {fileID: 223712799462994722}
    m_Modifications:
    - target: {fileID: 3333893269558227365, guid: 40f171a9b8da6394db93a5df296904fa, type: 3}
      propertyPath: _checkpoint
      value: 
      objectReference: {fileID: 89539214558948539}
    - target: {fileID: 7160496751229313448, guid: 40f171a9b8da6394db93a5df296904fa, type: 3}
      propertyPath: m_RootOrder
      value: 9
      objectReference: {fileID: 0}
    - target: {fileID: 7160496751229313448, guid: 40f171a9b8da6394db93a5df296904fa, type: 3}
      propertyPath: m_LocalScale.x
      value: 2.857143
      objectReference: {fileID: 0}
    - target: {fileID: 7160496751229313448, guid: 40f171a9b8da6394db93a5df296904fa, type: 3}
      propertyPath: m_LocalScale.y
      value: 2.857143
      objectReference: {fileID: 0}
    - target: {fileID: 7160496751229313448, guid: 40f171a9b8da6394db93a5df296904fa, type: 3}
      propertyPath: m_LocalScale.z
      value: 3.57
      objectReference: {fileID: 0}
    - target: {fileID: 7160496751229313448, guid: 40f171a9b8da6394db93a5df296904fa, type: 3}
      propertyPath: m_LocalPosition.x
      value: 1.94
      objectReference: {fileID: 0}
    - target: {fileID: 7160496751229313448, guid: 40f171a9b8da6394db93a5df296904fa, type: 3}
      propertyPath: m_LocalPosition.y
      value: 1.83
      objectReference: {fileID: 0}
    - target: {fileID: 7160496751229313448, guid: 40f171a9b8da6394db93a5df296904fa, type: 3}
      propertyPath: m_LocalPosition.z
      value: 1.13
      objectReference: {fileID: 0}
    - target: {fileID: 7160496751229313448, guid: 40f171a9b8da6394db93a5df296904fa, type: 3}
      propertyPath: m_LocalRotation.w
      value: -1
      objectReference: {fileID: 0}
    - target: {fileID: 7160496751229313448, guid: 40f171a9b8da6394db93a5df296904fa, type: 3}
      propertyPath: m_LocalRotation.x
      value: -0
      objectReference: {fileID: 0}
    - target: {fileID: 7160496751229313448, guid: 40f171a9b8da6394db93a5df296904fa, type: 3}
      propertyPath: m_LocalRotation.y
      value: -0
      objectReference: {fileID: 0}
    - target: {fileID: 7160496751229313448, guid: 40f171a9b8da6394db93a5df296904fa, type: 3}
      propertyPath: m_LocalRotation.z
      value: -0
      objectReference: {fileID: 0}
    - target: {fileID: 7160496751229313448, guid: 40f171a9b8da6394db93a5df296904fa, type: 3}
      propertyPath: m_LocalEulerAnglesHint.x
      value: 0
      objectReference: {fileID: 0}
    - target: {fileID: 7160496751229313448, guid: 40f171a9b8da6394db93a5df296904fa, type: 3}
      propertyPath: m_LocalEulerAnglesHint.y
      value: 0
      objectReference: {fileID: 0}
    - target: {fileID: 7160496751229313448, guid: 40f171a9b8da6394db93a5df296904fa, type: 3}
      propertyPath: m_LocalEulerAnglesHint.z
      value: 0
      objectReference: {fileID: 0}
    - target: {fileID: 7499867184503257874, guid: 40f171a9b8da6394db93a5df296904fa, type: 3}
      propertyPath: m_Name
      value: WeaponBarrel
      objectReference: {fileID: 0}
    m_RemovedComponents: []
  m_SourcePrefab: {fileID: 100100000, guid: 40f171a9b8da6394db93a5df296904fa, type: 3}
--- !u!4 &8938087477171350260 stripped
Transform:
  m_CorrespondingSourceObject: {fileID: 7160496751229313448, guid: 40f171a9b8da6394db93a5df296904fa, type: 3}
  m_PrefabInstance: {fileID: 2257788781051956060}
  m_PrefabAsset: {fileID: 0}
--- !u!1001 &2567799951672226230
PrefabInstance:
  m_ObjectHideFlags: 0
  serializedVersion: 2
  m_Modification:
    m_TransformParent: {fileID: 223712799462994722}
    m_Modifications:
    - target: {fileID: 547619751187772784, guid: 1532a5c592bd89f44892f34d3f5f7aeb, type: 3}
      propertyPath: m_ConnectedAnchor.x
      value: -0.023089428
      objectReference: {fileID: 0}
    - target: {fileID: 547619751187772784, guid: 1532a5c592bd89f44892f34d3f5f7aeb, type: 3}
      propertyPath: m_ConnectedAnchor.y
      value: 0.040281836
      objectReference: {fileID: 0}
    - target: {fileID: 547619751187772784, guid: 1532a5c592bd89f44892f34d3f5f7aeb, type: 3}
      propertyPath: m_ConnectedAnchor.z
      value: 0.07786131
      objectReference: {fileID: 0}
    - target: {fileID: 815147620741771320, guid: 1532a5c592bd89f44892f34d3f5f7aeb, type: 3}
      propertyPath: m_ConnectedAnchor.x
      value: -0.023089422
      objectReference: {fileID: 0}
    - target: {fileID: 815147620741771320, guid: 1532a5c592bd89f44892f34d3f5f7aeb, type: 3}
      propertyPath: m_ConnectedAnchor.y
      value: 0.04028184
      objectReference: {fileID: 0}
    - target: {fileID: 815147620741771320, guid: 1532a5c592bd89f44892f34d3f5f7aeb, type: 3}
      propertyPath: m_ConnectedAnchor.z
      value: -0.0778614
      objectReference: {fileID: 0}
    - target: {fileID: 1647632794637685925, guid: 1532a5c592bd89f44892f34d3f5f7aeb, type: 3}
      propertyPath: m_ConnectedAnchor.x
      value: -0.18050349
      objectReference: {fileID: 0}
    - target: {fileID: 1647632794637685925, guid: 1532a5c592bd89f44892f34d3f5f7aeb, type: 3}
      propertyPath: m_ConnectedAnchor.y
      value: 0.00000031588883
      objectReference: {fileID: 0}
    - target: {fileID: 1647632794637685925, guid: 1532a5c592bd89f44892f34d3f5f7aeb, type: 3}
      propertyPath: m_ConnectedAnchor.z
      value: 0.000000085681656
      objectReference: {fileID: 0}
    - target: {fileID: 1866458017297900183, guid: 1532a5c592bd89f44892f34d3f5f7aeb, type: 3}
      propertyPath: m_ConnectedAnchor.x
      value: -0.25339964
      objectReference: {fileID: 0}
    - target: {fileID: 1866458017297900183, guid: 1532a5c592bd89f44892f34d3f5f7aeb, type: 3}
      propertyPath: m_ConnectedAnchor.y
      value: -0.048351865
      objectReference: {fileID: 0}
    - target: {fileID: 1866458017297900183, guid: 1532a5c592bd89f44892f34d3f5f7aeb, type: 3}
      propertyPath: m_ConnectedAnchor.z
      value: -0.12844673
      objectReference: {fileID: 0}
    - target: {fileID: 2191219166336250894, guid: 1532a5c592bd89f44892f34d3f5f7aeb, type: 3}
      propertyPath: _checkpoint
      value: 
      objectReference: {fileID: 89539214558948539}
    - target: {fileID: 3363428252722370961, guid: 1532a5c592bd89f44892f34d3f5f7aeb, type: 3}
      propertyPath: m_ConnectedAnchor.x
      value: -0.11798026
      objectReference: {fileID: 0}
    - target: {fileID: 3363428252722370961, guid: 1532a5c592bd89f44892f34d3f5f7aeb, type: 3}
      propertyPath: m_ConnectedAnchor.y
      value: -0.000000027939663
      objectReference: {fileID: 0}
    - target: {fileID: 3363428252722370961, guid: 1532a5c592bd89f44892f34d3f5f7aeb, type: 3}
      propertyPath: m_ConnectedAnchor.z
      value: -0.000000081316124
      objectReference: {fileID: 0}
    - target: {fileID: 4419824739970911541, guid: 1532a5c592bd89f44892f34d3f5f7aeb, type: 3}
      propertyPath: m_ConnectedAnchor.x
      value: -0.11798019
      objectReference: {fileID: 0}
    - target: {fileID: 4419824739970911541, guid: 1532a5c592bd89f44892f34d3f5f7aeb, type: 3}
      propertyPath: m_ConnectedAnchor.y
      value: -0.00000005075705
      objectReference: {fileID: 0}
    - target: {fileID: 4419824739970911541, guid: 1532a5c592bd89f44892f34d3f5f7aeb, type: 3}
      propertyPath: m_ConnectedAnchor.z
      value: 0.000000020489082
      objectReference: {fileID: 0}
    - target: {fileID: 4801637597651725169, guid: 1532a5c592bd89f44892f34d3f5f7aeb, type: 3}
      propertyPath: m_ConnectedAnchor.x
      value: -0.34488592
      objectReference: {fileID: 0}
    - target: {fileID: 4801637597651725169, guid: 1532a5c592bd89f44892f34d3f5f7aeb, type: 3}
      propertyPath: m_ConnectedAnchor.y
      value: -0.0966607
      objectReference: {fileID: 0}
    - target: {fileID: 4801637597651725169, guid: 1532a5c592bd89f44892f34d3f5f7aeb, type: 3}
      propertyPath: m_ConnectedAnchor.z
      value: -0.000009062984
      objectReference: {fileID: 0}
    - target: {fileID: 6001471080781357576, guid: 1532a5c592bd89f44892f34d3f5f7aeb, type: 3}
      propertyPath: m_ConnectedAnchor.x
      value: -0.061085183
      objectReference: {fileID: 0}
    - target: {fileID: 6001471080781357576, guid: 1532a5c592bd89f44892f34d3f5f7aeb, type: 3}
      propertyPath: m_ConnectedAnchor.y
      value: -0.0046736896
      objectReference: {fileID: 0}
    - target: {fileID: 6001471080781357576, guid: 1532a5c592bd89f44892f34d3f5f7aeb, type: 3}
      propertyPath: m_ConnectedAnchor.z
      value: -0.00000006472692
      objectReference: {fileID: 0}
    - target: {fileID: 7542521556427557726, guid: 1532a5c592bd89f44892f34d3f5f7aeb, type: 3}
      propertyPath: m_ConnectedAnchor.x
      value: -0.1805035
      objectReference: {fileID: 0}
    - target: {fileID: 7542521556427557726, guid: 1532a5c592bd89f44892f34d3f5f7aeb, type: 3}
      propertyPath: m_ConnectedAnchor.y
      value: -0.0000007801872
      objectReference: {fileID: 0}
    - target: {fileID: 7542521556427557726, guid: 1532a5c592bd89f44892f34d3f5f7aeb, type: 3}
      propertyPath: m_ConnectedAnchor.z
      value: 0.00000039360015
      objectReference: {fileID: 0}
    - target: {fileID: 8131528323629718195, guid: 1532a5c592bd89f44892f34d3f5f7aeb, type: 3}
      propertyPath: m_RootOrder
      value: 8
      objectReference: {fileID: 0}
    - target: {fileID: 8131528323629718195, guid: 1532a5c592bd89f44892f34d3f5f7aeb, type: 3}
      propertyPath: m_LocalScale.x
      value: 2.9
      objectReference: {fileID: 0}
    - target: {fileID: 8131528323629718195, guid: 1532a5c592bd89f44892f34d3f5f7aeb, type: 3}
      propertyPath: m_LocalScale.y
      value: 2.4
      objectReference: {fileID: 0}
    - target: {fileID: 8131528323629718195, guid: 1532a5c592bd89f44892f34d3f5f7aeb, type: 3}
      propertyPath: m_LocalScale.z
      value: 2.9
      objectReference: {fileID: 0}
    - target: {fileID: 8131528323629718195, guid: 1532a5c592bd89f44892f34d3f5f7aeb, type: 3}
      propertyPath: m_LocalPosition.x
      value: -1.28
      objectReference: {fileID: 0}
    - target: {fileID: 8131528323629718195, guid: 1532a5c592bd89f44892f34d3f5f7aeb, type: 3}
      propertyPath: m_LocalPosition.y
      value: 1.0369375
      objectReference: {fileID: 0}
    - target: {fileID: 8131528323629718195, guid: 1532a5c592bd89f44892f34d3f5f7aeb, type: 3}
      propertyPath: m_LocalPosition.z
      value: 0.89
      objectReference: {fileID: 0}
    - target: {fileID: 8131528323629718195, guid: 1532a5c592bd89f44892f34d3f5f7aeb, type: 3}
      propertyPath: m_LocalRotation.w
      value: 1
      objectReference: {fileID: 0}
    - target: {fileID: 8131528323629718195, guid: 1532a5c592bd89f44892f34d3f5f7aeb, type: 3}
      propertyPath: m_LocalRotation.x
      value: 0
      objectReference: {fileID: 0}
    - target: {fileID: 8131528323629718195, guid: 1532a5c592bd89f44892f34d3f5f7aeb, type: 3}
      propertyPath: m_LocalRotation.y
      value: 0
      objectReference: {fileID: 0}
    - target: {fileID: 8131528323629718195, guid: 1532a5c592bd89f44892f34d3f5f7aeb, type: 3}
      propertyPath: m_LocalRotation.z
      value: 0
      objectReference: {fileID: 0}
    - target: {fileID: 8131528323629718195, guid: 1532a5c592bd89f44892f34d3f5f7aeb, type: 3}
      propertyPath: m_LocalEulerAnglesHint.x
      value: 0
      objectReference: {fileID: 0}
    - target: {fileID: 8131528323629718195, guid: 1532a5c592bd89f44892f34d3f5f7aeb, type: 3}
      propertyPath: m_LocalEulerAnglesHint.y
      value: 0
      objectReference: {fileID: 0}
    - target: {fileID: 8131528323629718195, guid: 1532a5c592bd89f44892f34d3f5f7aeb, type: 3}
      propertyPath: m_LocalEulerAnglesHint.z
      value: 0
      objectReference: {fileID: 0}
    - target: {fileID: 8904510649200689161, guid: 1532a5c592bd89f44892f34d3f5f7aeb, type: 3}
      propertyPath: m_Name
      value: EnemyLevel3Fixed
      objectReference: {fileID: 0}
    - target: {fileID: 9007362613803107521, guid: 1532a5c592bd89f44892f34d3f5f7aeb, type: 3}
      propertyPath: m_ConnectedAnchor.x
      value: -0.25339955
      objectReference: {fileID: 0}
    - target: {fileID: 9007362613803107521, guid: 1532a5c592bd89f44892f34d3f5f7aeb, type: 3}
      propertyPath: m_ConnectedAnchor.y
      value: -0.048351824
      objectReference: {fileID: 0}
    - target: {fileID: 9007362613803107521, guid: 1532a5c592bd89f44892f34d3f5f7aeb, type: 3}
      propertyPath: m_ConnectedAnchor.z
      value: 0.12844664
      objectReference: {fileID: 0}
    m_RemovedComponents: []
  m_SourcePrefab: {fileID: 100100000, guid: 1532a5c592bd89f44892f34d3f5f7aeb, type: 3}
--- !u!4 &6015214393682963205 stripped
Transform:
  m_CorrespondingSourceObject: {fileID: 8131528323629718195, guid: 1532a5c592bd89f44892f34d3f5f7aeb, type: 3}
  m_PrefabInstance: {fileID: 2567799951672226230}
  m_PrefabAsset: {fileID: 0}
--- !u!1001 &6328060735522003079
PrefabInstance:
  m_ObjectHideFlags: 0
  serializedVersion: 2
  m_Modification:
    m_TransformParent: {fileID: 223712799462994722}
    m_Modifications:
    - target: {fileID: 639675634224196225, guid: fbbf7e9d38e5c5e4f9705771fef71878, type: 3}
      propertyPath: m_Materials.Array.data[0]
      value: 
      objectReference: {fileID: 2100000, guid: ebaa2bca71acd0f4b8111d161e521779, type: 2}
    - target: {fileID: 1529797825172128960, guid: fbbf7e9d38e5c5e4f9705771fef71878, type: 3}
      propertyPath: m_RootOrder
      value: 6
      objectReference: {fileID: 0}
    - target: {fileID: 1529797825172128960, guid: fbbf7e9d38e5c5e4f9705771fef71878, type: 3}
      propertyPath: m_LocalScale.x
      value: 0.25854
      objectReference: {fileID: 0}
    - target: {fileID: 1529797825172128960, guid: fbbf7e9d38e5c5e4f9705771fef71878, type: 3}
      propertyPath: m_LocalScale.y
      value: 4
      objectReference: {fileID: 0}
    - target: {fileID: 1529797825172128960, guid: fbbf7e9d38e5c5e4f9705771fef71878, type: 3}
      propertyPath: m_LocalScale.z
      value: 9.745247
      objectReference: {fileID: 0}
    - target: {fileID: 1529797825172128960, guid: fbbf7e9d38e5c5e4f9705771fef71878, type: 3}
      propertyPath: m_LocalPosition.x
      value: 3
      objectReference: {fileID: 0}
    - target: {fileID: 1529797825172128960, guid: fbbf7e9d38e5c5e4f9705771fef71878, type: 3}
      propertyPath: m_LocalPosition.y
      value: 3.1
      objectReference: {fileID: 0}
    - target: {fileID: 1529797825172128960, guid: fbbf7e9d38e5c5e4f9705771fef71878, type: 3}
      propertyPath: m_LocalPosition.z
      value: 2.0900002
      objectReference: {fileID: 0}
    - target: {fileID: 1529797825172128960, guid: fbbf7e9d38e5c5e4f9705771fef71878, type: 3}
      propertyPath: m_LocalRotation.w
      value: 1
      objectReference: {fileID: 0}
    - target: {fileID: 1529797825172128960, guid: fbbf7e9d38e5c5e4f9705771fef71878, type: 3}
      propertyPath: m_LocalRotation.x
      value: -0
      objectReference: {fileID: 0}
    - target: {fileID: 1529797825172128960, guid: fbbf7e9d38e5c5e4f9705771fef71878, type: 3}
      propertyPath: m_LocalRotation.y
      value: -0
      objectReference: {fileID: 0}
    - target: {fileID: 1529797825172128960, guid: fbbf7e9d38e5c5e4f9705771fef71878, type: 3}
      propertyPath: m_LocalRotation.z
      value: -0
      objectReference: {fileID: 0}
    - target: {fileID: 1529797825172128960, guid: fbbf7e9d38e5c5e4f9705771fef71878, type: 3}
      propertyPath: m_LocalEulerAnglesHint.x
      value: 0
      objectReference: {fileID: 0}
    - target: {fileID: 1529797825172128960, guid: fbbf7e9d38e5c5e4f9705771fef71878, type: 3}
      propertyPath: m_LocalEulerAnglesHint.y
      value: 0
      objectReference: {fileID: 0}
    - target: {fileID: 1529797825172128960, guid: fbbf7e9d38e5c5e4f9705771fef71878, type: 3}
      propertyPath: m_LocalEulerAnglesHint.z
      value: 0
      objectReference: {fileID: 0}
    - target: {fileID: 2638159418511272150, guid: fbbf7e9d38e5c5e4f9705771fef71878, type: 3}
      propertyPath: m_Name
      value: Cube (11)
      objectReference: {fileID: 0}
    - target: {fileID: 2638159418511272150, guid: fbbf7e9d38e5c5e4f9705771fef71878, type: 3}
      propertyPath: m_TagString
      value: Walls
      objectReference: {fileID: 0}
    m_RemovedComponents: []
  m_SourcePrefab: {fileID: 100100000, guid: fbbf7e9d38e5c5e4f9705771fef71878, type: 3}
--- !u!4 &4821990373761883207 stripped
Transform:
  m_CorrespondingSourceObject: {fileID: 1529797825172128960, guid: fbbf7e9d38e5c5e4f9705771fef71878, type: 3}
  m_PrefabInstance: {fileID: 6328060735522003079}
  m_PrefabAsset: {fileID: 0}
--- !u!1001 &6434621530428324785
PrefabInstance:
  m_ObjectHideFlags: 0
  serializedVersion: 2
  m_Modification:
    m_TransformParent: {fileID: 223712799462994722}
    m_Modifications:
    - target: {fileID: 1123693266234198852, guid: f19cacb8f5bf85e4e98426f15f2497ae, type: 3}
      propertyPath: m_Name
      value: Wall_Decor
      objectReference: {fileID: 0}
    - target: {fileID: 4501058682618036047, guid: f19cacb8f5bf85e4e98426f15f2497ae, type: 3}
      propertyPath: m_RootOrder
      value: 11
      objectReference: {fileID: 0}
    - target: {fileID: 4501058682618036047, guid: f19cacb8f5bf85e4e98426f15f2497ae, type: 3}
      propertyPath: m_LocalScale.y
      value: 1.1
      objectReference: {fileID: 0}
    - target: {fileID: 4501058682618036047, guid: f19cacb8f5bf85e4e98426f15f2497ae, type: 3}
      propertyPath: m_LocalPosition.x
      value: 0.8
      objectReference: {fileID: 0}
    - target: {fileID: 4501058682618036047, guid: f19cacb8f5bf85e4e98426f15f2497ae, type: 3}
      propertyPath: m_LocalPosition.y
      value: 0.1
      objectReference: {fileID: 0}
    - target: {fileID: 4501058682618036047, guid: f19cacb8f5bf85e4e98426f15f2497ae, type: 3}
      propertyPath: m_LocalPosition.z
      value: 0.84
      objectReference: {fileID: 0}
    - target: {fileID: 4501058682618036047, guid: f19cacb8f5bf85e4e98426f15f2497ae, type: 3}
      propertyPath: m_LocalRotation.w
      value: 1
      objectReference: {fileID: 0}
    - target: {fileID: 4501058682618036047, guid: f19cacb8f5bf85e4e98426f15f2497ae, type: 3}
      propertyPath: m_LocalRotation.x
      value: 0
      objectReference: {fileID: 0}
    - target: {fileID: 4501058682618036047, guid: f19cacb8f5bf85e4e98426f15f2497ae, type: 3}
      propertyPath: m_LocalRotation.y
      value: 0
      objectReference: {fileID: 0}
    - target: {fileID: 4501058682618036047, guid: f19cacb8f5bf85e4e98426f15f2497ae, type: 3}
      propertyPath: m_LocalRotation.z
      value: 0
      objectReference: {fileID: 0}
    - target: {fileID: 4501058682618036047, guid: f19cacb8f5bf85e4e98426f15f2497ae, type: 3}
      propertyPath: m_LocalEulerAnglesHint.x
      value: 0
      objectReference: {fileID: 0}
    - target: {fileID: 4501058682618036047, guid: f19cacb8f5bf85e4e98426f15f2497ae, type: 3}
      propertyPath: m_LocalEulerAnglesHint.y
      value: 0
      objectReference: {fileID: 0}
    - target: {fileID: 4501058682618036047, guid: f19cacb8f5bf85e4e98426f15f2497ae, type: 3}
      propertyPath: m_LocalEulerAnglesHint.z
      value: 0
      objectReference: {fileID: 0}
    m_RemovedComponents: []
  m_SourcePrefab: {fileID: 100100000, guid: f19cacb8f5bf85e4e98426f15f2497ae, type: 3}
--- !u!4 &7438441587809453310 stripped
Transform:
  m_CorrespondingSourceObject: {fileID: 4501058682618036047, guid: f19cacb8f5bf85e4e98426f15f2497ae, type: 3}
  m_PrefabInstance: {fileID: 6434621530428324785}
  m_PrefabAsset: {fileID: 0}
--- !u!1001 &6825295271145104601
PrefabInstance:
  m_ObjectHideFlags: 0
  serializedVersion: 2
  m_Modification:
    m_TransformParent: {fileID: 223712799462994722}
    m_Modifications:
    - target: {fileID: 639675634224196225, guid: fbbf7e9d38e5c5e4f9705771fef71878, type: 3}
      propertyPath: m_Materials.Array.data[0]
      value: 
      objectReference: {fileID: 2100000, guid: ebaa2bca71acd0f4b8111d161e521779, type: 2}
    - target: {fileID: 1529797825172128960, guid: fbbf7e9d38e5c5e4f9705771fef71878, type: 3}
      propertyPath: m_RootOrder
      value: 5
      objectReference: {fileID: 0}
    - target: {fileID: 1529797825172128960, guid: fbbf7e9d38e5c5e4f9705771fef71878, type: 3}
      propertyPath: m_LocalScale.x
      value: 0.25854
      objectReference: {fileID: 0}
    - target: {fileID: 1529797825172128960, guid: fbbf7e9d38e5c5e4f9705771fef71878, type: 3}
      propertyPath: m_LocalScale.y
      value: 4
      objectReference: {fileID: 0}
    - target: {fileID: 1529797825172128960, guid: fbbf7e9d38e5c5e4f9705771fef71878, type: 3}
      propertyPath: m_LocalScale.z
      value: 9.745247
      objectReference: {fileID: 0}
    - target: {fileID: 1529797825172128960, guid: fbbf7e9d38e5c5e4f9705771fef71878, type: 3}
      propertyPath: m_LocalPosition.x
      value: -3
      objectReference: {fileID: 0}
    - target: {fileID: 1529797825172128960, guid: fbbf7e9d38e5c5e4f9705771fef71878, type: 3}
      propertyPath: m_LocalPosition.y
      value: 3.1
      objectReference: {fileID: 0}
    - target: {fileID: 1529797825172128960, guid: fbbf7e9d38e5c5e4f9705771fef71878, type: 3}
      propertyPath: m_LocalPosition.z
      value: 2.0900002
      objectReference: {fileID: 0}
    - target: {fileID: 1529797825172128960, guid: fbbf7e9d38e5c5e4f9705771fef71878, type: 3}
      propertyPath: m_LocalRotation.w
      value: 1
      objectReference: {fileID: 0}
    - target: {fileID: 1529797825172128960, guid: fbbf7e9d38e5c5e4f9705771fef71878, type: 3}
      propertyPath: m_LocalRotation.x
      value: -0
      objectReference: {fileID: 0}
    - target: {fileID: 1529797825172128960, guid: fbbf7e9d38e5c5e4f9705771fef71878, type: 3}
      propertyPath: m_LocalRotation.y
      value: -0
      objectReference: {fileID: 0}
    - target: {fileID: 1529797825172128960, guid: fbbf7e9d38e5c5e4f9705771fef71878, type: 3}
      propertyPath: m_LocalRotation.z
      value: -0
      objectReference: {fileID: 0}
    - target: {fileID: 1529797825172128960, guid: fbbf7e9d38e5c5e4f9705771fef71878, type: 3}
      propertyPath: m_LocalEulerAnglesHint.x
      value: 0
      objectReference: {fileID: 0}
    - target: {fileID: 1529797825172128960, guid: fbbf7e9d38e5c5e4f9705771fef71878, type: 3}
      propertyPath: m_LocalEulerAnglesHint.y
      value: 0
      objectReference: {fileID: 0}
    - target: {fileID: 1529797825172128960, guid: fbbf7e9d38e5c5e4f9705771fef71878, type: 3}
      propertyPath: m_LocalEulerAnglesHint.z
      value: 0
      objectReference: {fileID: 0}
    - target: {fileID: 2638159418511272150, guid: fbbf7e9d38e5c5e4f9705771fef71878, type: 3}
      propertyPath: m_Name
      value: Cube (10)
      objectReference: {fileID: 0}
    - target: {fileID: 2638159418511272150, guid: fbbf7e9d38e5c5e4f9705771fef71878, type: 3}
      propertyPath: m_IsActive
      value: 0
      objectReference: {fileID: 0}
    - target: {fileID: 2638159418511272150, guid: fbbf7e9d38e5c5e4f9705771fef71878, type: 3}
      propertyPath: m_TagString
      value: Walls
      objectReference: {fileID: 0}
    m_RemovedComponents: []
  m_SourcePrefab: {fileID: 100100000, guid: fbbf7e9d38e5c5e4f9705771fef71878, type: 3}
--- !u!4 &5441121200510935065 stripped
Transform:
  m_CorrespondingSourceObject: {fileID: 1529797825172128960, guid: fbbf7e9d38e5c5e4f9705771fef71878, type: 3}
  m_PrefabInstance: {fileID: 6825295271145104601}
  m_PrefabAsset: {fileID: 0}
--- !u!1001 &6825295271959407102
PrefabInstance:
  m_ObjectHideFlags: 0
  serializedVersion: 2
  m_Modification:
    m_TransformParent: {fileID: 7374483474804708378}
    m_Modifications:
    - target: {fileID: 639675634224196225, guid: fbbf7e9d38e5c5e4f9705771fef71878, type: 3}
      propertyPath: m_Materials.Array.data[0]
      value: 
      objectReference: {fileID: 2100000, guid: df85ffe13d51bf442b0e34f75a3d3520, type: 2}
    - target: {fileID: 1529797825172128960, guid: fbbf7e9d38e5c5e4f9705771fef71878, type: 3}
      propertyPath: m_RootOrder
      value: 13
      objectReference: {fileID: 0}
    - target: {fileID: 1529797825172128960, guid: fbbf7e9d38e5c5e4f9705771fef71878, type: 3}
      propertyPath: m_LocalScale.x
      value: 0.118905134
      objectReference: {fileID: 0}
    - target: {fileID: 1529797825172128960, guid: fbbf7e9d38e5c5e4f9705771fef71878, type: 3}
      propertyPath: m_LocalScale.y
      value: 3.4646971
      objectReference: {fileID: 0}
    - target: {fileID: 1529797825172128960, guid: fbbf7e9d38e5c5e4f9705771fef71878, type: 3}
      propertyPath: m_LocalScale.z
      value: 0.09382007
      objectReference: {fileID: 0}
    - target: {fileID: 1529797825172128960, guid: fbbf7e9d38e5c5e4f9705771fef71878, type: 3}
      propertyPath: m_LocalPosition.x
      value: 2.0950012
      objectReference: {fileID: 0}
    - target: {fileID: 1529797825172128960, guid: fbbf7e9d38e5c5e4f9705771fef71878, type: 3}
      propertyPath: m_LocalPosition.y
      value: 2.478
      objectReference: {fileID: 0}
    - target: {fileID: 1529797825172128960, guid: fbbf7e9d38e5c5e4f9705771fef71878, type: 3}
      propertyPath: m_LocalPosition.z
      value: 1.8960004
      objectReference: {fileID: 0}
    - target: {fileID: 1529797825172128960, guid: fbbf7e9d38e5c5e4f9705771fef71878, type: 3}
      propertyPath: m_LocalRotation.w
      value: 0.7071068
      objectReference: {fileID: 0}
    - target: {fileID: 1529797825172128960, guid: fbbf7e9d38e5c5e4f9705771fef71878, type: 3}
      propertyPath: m_LocalRotation.x
      value: -0
      objectReference: {fileID: 0}
    - target: {fileID: 1529797825172128960, guid: fbbf7e9d38e5c5e4f9705771fef71878, type: 3}
      propertyPath: m_LocalRotation.y
      value: 0.7071068
      objectReference: {fileID: 0}
    - target: {fileID: 1529797825172128960, guid: fbbf7e9d38e5c5e4f9705771fef71878, type: 3}
      propertyPath: m_LocalRotation.z
      value: -0
      objectReference: {fileID: 0}
    - target: {fileID: 1529797825172128960, guid: fbbf7e9d38e5c5e4f9705771fef71878, type: 3}
      propertyPath: m_LocalEulerAnglesHint.x
      value: 0
      objectReference: {fileID: 0}
    - target: {fileID: 1529797825172128960, guid: fbbf7e9d38e5c5e4f9705771fef71878, type: 3}
      propertyPath: m_LocalEulerAnglesHint.y
      value: 90
      objectReference: {fileID: 0}
    - target: {fileID: 1529797825172128960, guid: fbbf7e9d38e5c5e4f9705771fef71878, type: 3}
      propertyPath: m_LocalEulerAnglesHint.z
      value: 0
      objectReference: {fileID: 0}
    - target: {fileID: 2638159418511272150, guid: fbbf7e9d38e5c5e4f9705771fef71878, type: 3}
      propertyPath: m_Name
      value: Cube (44)
      objectReference: {fileID: 0}
    m_RemovedComponents: []
  m_SourcePrefab: {fileID: 100100000, guid: fbbf7e9d38e5c5e4f9705771fef71878, type: 3}
--- !u!4 &5441121199294246206 stripped
Transform:
  m_CorrespondingSourceObject: {fileID: 1529797825172128960, guid: fbbf7e9d38e5c5e4f9705771fef71878, type: 3}
  m_PrefabInstance: {fileID: 6825295271959407102}
  m_PrefabAsset: {fileID: 0}
--- !u!1001 &6825295272482102000
PrefabInstance:
  m_ObjectHideFlags: 0
  serializedVersion: 2
  m_Modification:
    m_TransformParent: {fileID: 223712799462994722}
    m_Modifications:
    - target: {fileID: 639675634224196225, guid: fbbf7e9d38e5c5e4f9705771fef71878, type: 3}
      propertyPath: m_Materials.Array.data[0]
      value: 
      objectReference: {fileID: 2100000, guid: f7c2d6ebd24cb53409cb0d06b315eb72, type: 2}
    - target: {fileID: 1529797825172128960, guid: fbbf7e9d38e5c5e4f9705771fef71878, type: 3}
      propertyPath: m_RootOrder
      value: 3
      objectReference: {fileID: 0}
    - target: {fileID: 1529797825172128960, guid: fbbf7e9d38e5c5e4f9705771fef71878, type: 3}
      propertyPath: m_LocalScale.x
      value: 6.2306414
      objectReference: {fileID: 0}
    - target: {fileID: 1529797825172128960, guid: fbbf7e9d38e5c5e4f9705771fef71878, type: 3}
      propertyPath: m_LocalScale.y
      value: 0.1268046
      objectReference: {fileID: 0}
    - target: {fileID: 1529797825172128960, guid: fbbf7e9d38e5c5e4f9705771fef71878, type: 3}
      propertyPath: m_LocalScale.z
      value: 10.280533
      objectReference: {fileID: 0}
    - target: {fileID: 1529797825172128960, guid: fbbf7e9d38e5c5e4f9705771fef71878, type: 3}
      propertyPath: m_LocalPosition.x
      value: 0
      objectReference: {fileID: 0}
    - target: {fileID: 1529797825172128960, guid: fbbf7e9d38e5c5e4f9705771fef71878, type: 3}
      propertyPath: m_LocalPosition.y
      value: 4.64
      objectReference: {fileID: 0}
    - target: {fileID: 1529797825172128960, guid: fbbf7e9d38e5c5e4f9705771fef71878, type: 3}
      propertyPath: m_LocalPosition.z
      value: 1.8000002
      objectReference: {fileID: 0}
    - target: {fileID: 1529797825172128960, guid: fbbf7e9d38e5c5e4f9705771fef71878, type: 3}
      propertyPath: m_LocalRotation.w
      value: 1
      objectReference: {fileID: 0}
    - target: {fileID: 1529797825172128960, guid: fbbf7e9d38e5c5e4f9705771fef71878, type: 3}
      propertyPath: m_LocalRotation.x
      value: -0
      objectReference: {fileID: 0}
    - target: {fileID: 1529797825172128960, guid: fbbf7e9d38e5c5e4f9705771fef71878, type: 3}
      propertyPath: m_LocalRotation.y
      value: -0
      objectReference: {fileID: 0}
    - target: {fileID: 1529797825172128960, guid: fbbf7e9d38e5c5e4f9705771fef71878, type: 3}
      propertyPath: m_LocalRotation.z
      value: -0
      objectReference: {fileID: 0}
    - target: {fileID: 1529797825172128960, guid: fbbf7e9d38e5c5e4f9705771fef71878, type: 3}
      propertyPath: m_LocalEulerAnglesHint.x
      value: 0
      objectReference: {fileID: 0}
    - target: {fileID: 1529797825172128960, guid: fbbf7e9d38e5c5e4f9705771fef71878, type: 3}
      propertyPath: m_LocalEulerAnglesHint.y
      value: 0
      objectReference: {fileID: 0}
    - target: {fileID: 1529797825172128960, guid: fbbf7e9d38e5c5e4f9705771fef71878, type: 3}
      propertyPath: m_LocalEulerAnglesHint.z
      value: 0
      objectReference: {fileID: 0}
    - target: {fileID: 2638159418511272150, guid: fbbf7e9d38e5c5e4f9705771fef71878, type: 3}
      propertyPath: m_Name
      value: Cube (9)
      objectReference: {fileID: 0}
    - target: {fileID: 2638159418511272150, guid: fbbf7e9d38e5c5e4f9705771fef71878, type: 3}
      propertyPath: m_TagString
      value: Walls
      objectReference: {fileID: 0}
    m_RemovedComponents: []
  m_SourcePrefab: {fileID: 100100000, guid: fbbf7e9d38e5c5e4f9705771fef71878, type: 3}
--- !u!4 &5441121199717228080 stripped
Transform:
  m_CorrespondingSourceObject: {fileID: 1529797825172128960, guid: fbbf7e9d38e5c5e4f9705771fef71878, type: 3}
  m_PrefabInstance: {fileID: 6825295272482102000}
  m_PrefabAsset: {fileID: 0}
--- !u!1001 &6869158491016986338
PrefabInstance:
  m_ObjectHideFlags: 0
  serializedVersion: 2
  m_Modification:
    m_TransformParent: {fileID: 223712799462994722}
    m_Modifications:
    - target: {fileID: 461284567078831541, guid: 6c96b316efb1e4b4e8f72ed36dc95d9d, type: 3}
      propertyPath: m_LocalPosition.x
      value: -0.25
      objectReference: {fileID: 0}
    - target: {fileID: 1501556470651578771, guid: 6c96b316efb1e4b4e8f72ed36dc95d9d, type: 3}
      propertyPath: m_RootOrder
      value: 1
      objectReference: {fileID: 0}
    - target: {fileID: 1501556470651578771, guid: 6c96b316efb1e4b4e8f72ed36dc95d9d, type: 3}
      propertyPath: m_LocalPosition.x
      value: 0
      objectReference: {fileID: 0}
    - target: {fileID: 1501556470651578771, guid: 6c96b316efb1e4b4e8f72ed36dc95d9d, type: 3}
      propertyPath: m_LocalPosition.y
      value: 2.283
      objectReference: {fileID: 0}
    - target: {fileID: 1501556470651578771, guid: 6c96b316efb1e4b4e8f72ed36dc95d9d, type: 3}
      propertyPath: m_LocalPosition.z
      value: -2.7749996
      objectReference: {fileID: 0}
    - target: {fileID: 1501556470651578771, guid: 6c96b316efb1e4b4e8f72ed36dc95d9d, type: 3}
      propertyPath: m_LocalRotation.w
      value: 0.7071068
      objectReference: {fileID: 0}
    - target: {fileID: 1501556470651578771, guid: 6c96b316efb1e4b4e8f72ed36dc95d9d, type: 3}
      propertyPath: m_LocalRotation.x
      value: -0
      objectReference: {fileID: 0}
    - target: {fileID: 1501556470651578771, guid: 6c96b316efb1e4b4e8f72ed36dc95d9d, type: 3}
      propertyPath: m_LocalRotation.y
      value: 0.7071068
      objectReference: {fileID: 0}
    - target: {fileID: 1501556470651578771, guid: 6c96b316efb1e4b4e8f72ed36dc95d9d, type: 3}
      propertyPath: m_LocalRotation.z
      value: -0
      objectReference: {fileID: 0}
    - target: {fileID: 1501556470651578771, guid: 6c96b316efb1e4b4e8f72ed36dc95d9d, type: 3}
      propertyPath: m_LocalEulerAnglesHint.x
      value: 0
      objectReference: {fileID: 0}
    - target: {fileID: 1501556470651578771, guid: 6c96b316efb1e4b4e8f72ed36dc95d9d, type: 3}
      propertyPath: m_LocalEulerAnglesHint.y
      value: 90
      objectReference: {fileID: 0}
    - target: {fileID: 1501556470651578771, guid: 6c96b316efb1e4b4e8f72ed36dc95d9d, type: 3}
      propertyPath: m_LocalEulerAnglesHint.z
      value: 0
      objectReference: {fileID: 0}
    - target: {fileID: 2512200896294085074, guid: 6c96b316efb1e4b4e8f72ed36dc95d9d, type: 3}
      propertyPath: m_LocalScale.y
      value: 1.2
      objectReference: {fileID: 0}
    - target: {fileID: 2512200896294085074, guid: 6c96b316efb1e4b4e8f72ed36dc95d9d, type: 3}
      propertyPath: m_LocalPosition.y
      value: 1.025
      objectReference: {fileID: 0}
    - target: {fileID: 2697892162596210053, guid: 6c96b316efb1e4b4e8f72ed36dc95d9d, type: 3}
      propertyPath: m_Name
      value: BackWall
      objectReference: {fileID: 0}
    - target: {fileID: 2697892162596210053, guid: 6c96b316efb1e4b4e8f72ed36dc95d9d, type: 3}
      propertyPath: m_TagString
      value: Walls
      objectReference: {fileID: 0}
    - target: {fileID: 3926397178291152900, guid: 6c96b316efb1e4b4e8f72ed36dc95d9d, type: 3}
      propertyPath: m_Materials.Array.data[0]
      value: 
      objectReference: {fileID: 2100000, guid: e0bafb2144dfc9848a3c65ea92d5b32f, type: 2}
    - target: {fileID: 3926397178291152900, guid: 6c96b316efb1e4b4e8f72ed36dc95d9d, type: 3}
      propertyPath: m_Materials.Array.data[1]
      value: 
      objectReference: {fileID: 2100000, guid: aaf9625a55ba54345b129c98815be194, type: 2}
    - target: {fileID: 5838466679746205467, guid: 6c96b316efb1e4b4e8f72ed36dc95d9d, type: 3}
      propertyPath: m_Materials.Array.data[0]
      value: 
      objectReference: {fileID: 2100000, guid: e0bafb2144dfc9848a3c65ea92d5b32f, type: 2}
    - target: {fileID: 5838466679746205467, guid: 6c96b316efb1e4b4e8f72ed36dc95d9d, type: 3}
      propertyPath: m_Materials.Array.data[1]
      value: 
      objectReference: {fileID: 2100000, guid: aaf9625a55ba54345b129c98815be194, type: 2}
    - target: {fileID: 6557843485552288352, guid: 6c96b316efb1e4b4e8f72ed36dc95d9d, type: 3}
      propertyPath: m_LocalScale.y
      value: 1.2
      objectReference: {fileID: 0}
    - target: {fileID: 6557843485552288352, guid: 6c96b316efb1e4b4e8f72ed36dc95d9d, type: 3}
      propertyPath: m_LocalPosition.y
      value: 0.188
      objectReference: {fileID: 0}
    - target: {fileID: 7734786714423612098, guid: 6c96b316efb1e4b4e8f72ed36dc95d9d, type: 3}
      propertyPath: m_IsActive
      value: 0
      objectReference: {fileID: 0}
    - target: {fileID: 7882164443338938237, guid: 6c96b316efb1e4b4e8f72ed36dc95d9d, type: 3}
      propertyPath: m_LocalScale.y
      value: 1.2
      objectReference: {fileID: 0}
    - target: {fileID: 7882164443338938237, guid: 6c96b316efb1e4b4e8f72ed36dc95d9d, type: 3}
      propertyPath: m_LocalPosition.y
      value: 0.193
      objectReference: {fileID: 0}
    m_RemovedComponents: []
  m_SourcePrefab: {fileID: 100100000, guid: 6c96b316efb1e4b4e8f72ed36dc95d9d, type: 3}
--- !u!4 &5441121200666089329 stripped
Transform:
  m_CorrespondingSourceObject: {fileID: 1501556470651578771, guid: 6c96b316efb1e4b4e8f72ed36dc95d9d, type: 3}
  m_PrefabInstance: {fileID: 6869158491016986338}
  m_PrefabAsset: {fileID: 0}
--- !u!95 &8224419418735334891 stripped
Animator:
  m_CorrespondingSourceObject: {fileID: 3276129731755879177, guid: 6c96b316efb1e4b4e8f72ed36dc95d9d, type: 3}
  m_PrefabInstance: {fileID: 6869158491016986338}
  m_PrefabAsset: {fileID: 0}
--- !u!1001 &8566612564198224477
PrefabInstance:
  m_ObjectHideFlags: 0
  serializedVersion: 2
  m_Modification:
    m_TransformParent: {fileID: 223712799462994722}
    m_Modifications:
    - target: {fileID: 41892135921483017, guid: c1fbc60ab5a2d1146b11d21f10264bec, type: 3}
      propertyPath: m_Name
      value: WallWithWindow
      objectReference: {fileID: 0}
    - target: {fileID: 8205009975363437489, guid: c1fbc60ab5a2d1146b11d21f10264bec, type: 3}
      propertyPath: m_RootOrder
      value: 10
      objectReference: {fileID: 0}
    - target: {fileID: 8205009975363437489, guid: c1fbc60ab5a2d1146b11d21f10264bec, type: 3}
      propertyPath: m_LocalScale.x
      value: 1.4285713
      objectReference: {fileID: 0}
    - target: {fileID: 8205009975363437489, guid: c1fbc60ab5a2d1146b11d21f10264bec, type: 3}
      propertyPath: m_LocalScale.y
      value: 1.4285713
      objectReference: {fileID: 0}
    - target: {fileID: 8205009975363437489, guid: c1fbc60ab5a2d1146b11d21f10264bec, type: 3}
      propertyPath: m_LocalScale.z
      value: 1.4285713
      objectReference: {fileID: 0}
    - target: {fileID: 8205009975363437489, guid: c1fbc60ab5a2d1146b11d21f10264bec, type: 3}
      propertyPath: m_LocalPosition.x
      value: -3.0571427
      objectReference: {fileID: 0}
    - target: {fileID: 8205009975363437489, guid: c1fbc60ab5a2d1146b11d21f10264bec, type: 3}
      propertyPath: m_LocalPosition.y
      value: -0.30000004
      objectReference: {fileID: 0}
    - target: {fileID: 8205009975363437489, guid: c1fbc60ab5a2d1146b11d21f10264bec, type: 3}
      propertyPath: m_LocalPosition.z
      value: 2.985714
      objectReference: {fileID: 0}
    - target: {fileID: 8205009975363437489, guid: c1fbc60ab5a2d1146b11d21f10264bec, type: 3}
      propertyPath: m_LocalRotation.w
      value: 0
      objectReference: {fileID: 0}
    - target: {fileID: 8205009975363437489, guid: c1fbc60ab5a2d1146b11d21f10264bec, type: 3}
      propertyPath: m_LocalRotation.x
      value: -0
      objectReference: {fileID: 0}
    - target: {fileID: 8205009975363437489, guid: c1fbc60ab5a2d1146b11d21f10264bec, type: 3}
      propertyPath: m_LocalRotation.y
      value: -1
      objectReference: {fileID: 0}
    - target: {fileID: 8205009975363437489, guid: c1fbc60ab5a2d1146b11d21f10264bec, type: 3}
      propertyPath: m_LocalRotation.z
      value: -0
      objectReference: {fileID: 0}
    - target: {fileID: 8205009975363437489, guid: c1fbc60ab5a2d1146b11d21f10264bec, type: 3}
      propertyPath: m_LocalEulerAnglesHint.x
      value: 0
      objectReference: {fileID: 0}
    - target: {fileID: 8205009975363437489, guid: c1fbc60ab5a2d1146b11d21f10264bec, type: 3}
      propertyPath: m_LocalEulerAnglesHint.y
      value: 0
      objectReference: {fileID: 0}
    - target: {fileID: 8205009975363437489, guid: c1fbc60ab5a2d1146b11d21f10264bec, type: 3}
      propertyPath: m_LocalEulerAnglesHint.z
      value: 0
      objectReference: {fileID: 0}
    m_RemovedComponents: []
  m_SourcePrefab: {fileID: 100100000, guid: c1fbc60ab5a2d1146b11d21f10264bec, type: 3}
--- !u!4 &521491375019913708 stripped
Transform:
  m_CorrespondingSourceObject: {fileID: 8205009975363437489, guid: c1fbc60ab5a2d1146b11d21f10264bec, type: 3}
  m_PrefabInstance: {fileID: 8566612564198224477}
  m_PrefabAsset: {fileID: 0}
