%YAML 1.1
%TAG !u! tag:unity3d.com,2011:
--- !u!1 &32537111702630783
GameObject:
  m_ObjectHideFlags: 0
  m_CorrespondingSourceObject: {fileID: 0}
  m_PrefabInstance: {fileID: 0}
  m_PrefabAsset: {fileID: 0}
  serializedVersion: 6
  m_Component:
  - component: {fileID: 9019843774201218344}
  m_Layer: 0
  m_Name: Base HumanLCalf
  m_TagString: Untagged
  m_Icon: {fileID: 0}
  m_NavMeshLayer: 0
  m_StaticEditorFlags: 0
  m_IsActive: 1
--- !u!4 &9019843774201218344
Transform:
  m_ObjectHideFlags: 0
  m_CorrespondingSourceObject: {fileID: 0}
  m_PrefabInstance: {fileID: 0}
  m_PrefabAsset: {fileID: 0}
  m_GameObject: {fileID: 32537111702630783}
  m_LocalRotation: {x: 0.010404716, y: -0.00454626, z: 0.07807964, w: 0.9968825}
  m_LocalPosition: {x: -0.18050332, y: 0.00000035390258, z: 0.000000059604645}
  m_LocalScale: {x: 1.0000284, y: 0.9999707, z: 1.0000006}
  m_Children:
  - {fileID: 1586719155590229697}
  m_Father: {fileID: 5508782042819452526}
  m_RootOrder: 0
  m_LocalEulerAnglesHint: {x: 0, y: 0, z: 0}
--- !u!1 &1451465072158167170
GameObject:
  m_ObjectHideFlags: 0
  m_CorrespondingSourceObject: {fileID: 0}
  m_PrefabInstance: {fileID: 0}
  m_PrefabAsset: {fileID: 0}
  serializedVersion: 6
  m_Component:
  - component: {fileID: 2241054155832132059}
  m_Layer: 0
  m_Name: Base HumanHead
  m_TagString: Untagged
  m_Icon: {fileID: 0}
  m_NavMeshLayer: 0
  m_StaticEditorFlags: 0
  m_IsActive: 1
--- !u!4 &2241054155832132059
Transform:
  m_ObjectHideFlags: 0
  m_CorrespondingSourceObject: {fileID: 0}
  m_PrefabInstance: {fileID: 0}
  m_PrefabAsset: {fileID: 0}
  m_GameObject: {fileID: 1451465072158167170}
  m_LocalRotation: {x: 0.000004451033, y: 0.00010106851, z: 0.006329126, w: 0.99998}
  m_LocalPosition: {x: -0.044692457, y: 0, z: -1.4551915e-11}
  m_LocalScale: {x: 1.0000002, y: 1, z: 0.99999994}
  m_Children: []
  m_Father: {fileID: 2699449847762155934}
  m_RootOrder: 0
  m_LocalEulerAnglesHint: {x: 0, y: 0, z: 0}
--- !u!1 &1531045103469983567
GameObject:
  m_ObjectHideFlags: 0
  m_CorrespondingSourceObject: {fileID: 0}
  m_PrefabInstance: {fileID: 0}
  m_PrefabAsset: {fileID: 0}
  serializedVersion: 6
  m_Component:
  - component: {fileID: 6995835265958018120}
  - component: {fileID: 3790487816374026945}
  m_Layer: 0
  m_Name: cyborg_1
  m_TagString: Untagged
  m_Icon: {fileID: 0}
  m_NavMeshLayer: 0
  m_StaticEditorFlags: 0
  m_IsActive: 1
--- !u!4 &6995835265958018120
Transform:
  m_ObjectHideFlags: 0
  m_CorrespondingSourceObject: {fileID: 0}
  m_PrefabInstance: {fileID: 0}
  m_PrefabAsset: {fileID: 0}
  m_GameObject: {fileID: 1531045103469983567}
  m_LocalRotation: {x: 0, y: -0, z: -0, w: 1}
  m_LocalPosition: {x: -0, y: -7.4503605e-11, z: -0.000000013521785}
  m_LocalScale: {x: 1, y: 1, z: 1}
  m_Children: []
  m_Father: {fileID: 2581583411118642982}
  m_RootOrder: 4
  m_LocalEulerAnglesHint: {x: 0, y: 0, z: 0}
--- !u!137 &3790487816374026945
SkinnedMeshRenderer:
  m_ObjectHideFlags: 0
  m_CorrespondingSourceObject: {fileID: 0}
  m_PrefabInstance: {fileID: 0}
  m_PrefabAsset: {fileID: 0}
  m_GameObject: {fileID: 1531045103469983567}
  m_Enabled: 1
  m_CastShadows: 1
  m_ReceiveShadows: 1
  m_DynamicOccludee: 1
  m_MotionVectors: 1
  m_LightProbeUsage: 1
  m_ReflectionProbeUsage: 1
  m_RayTracingMode: 3
  m_RayTraceProcedural: 0
  m_RenderingLayerMask: 1
  m_RendererPriority: 0
  m_Materials:
  - {fileID: 2100000, guid: d408fccdf43d38a4a8f8b6564bf6e7bf, type: 2}
  - {fileID: 2100000, guid: 4528b25d60a80dd4d85da96da8a9415d, type: 2}
  - {fileID: 5823119201780098515, guid: 4e00c343634fc7548952de6b3ae4b913, type: 3}
  - {fileID: 2100000, guid: f53664f4bde15be4cb88dbecf6632284, type: 2}
  - {fileID: -7491593488427902774, guid: 4e00c343634fc7548952de6b3ae4b913, type: 3}
  - {fileID: 2100000, guid: f592384c6de27b34db367417648d3ef0, type: 2}
  - {fileID: 2100000, guid: f53664f4bde15be4cb88dbecf6632284, type: 2}
  - {fileID: 2100000, guid: 3bf15e1655e465143a3c9a4803c8c1b0, type: 2}
  m_StaticBatchInfo:
    firstSubMesh: 0
    subMeshCount: 0
  m_StaticBatchRoot: {fileID: 0}
  m_ProbeAnchor: {fileID: 0}
  m_LightProbeVolumeOverride: {fileID: 0}
  m_ScaleInLightmap: 1
  m_ReceiveGI: 1
  m_PreserveUVs: 0
  m_IgnoreNormalsForChartDetection: 0
  m_ImportantGI: 0
  m_StitchLightmapSeams: 1
  m_SelectedEditorRenderState: 3
  m_MinimumChartSize: 4
  m_AutoUVMaxDistance: 0.5
  m_AutoUVMaxAngle: 89
  m_LightmapParameters: {fileID: 0}
  m_SortingLayerID: 0
  m_SortingLayer: 0
  m_SortingOrder: 0
  serializedVersion: 2
  m_Quality: 0
  m_UpdateWhenOffscreen: 0
  m_SkinnedMotionVectors: 1
  m_Mesh: {fileID: 6035817635801814288, guid: 4e00c343634fc7548952de6b3ae4b913, type: 3}
  m_Bones:
  - {fileID: 7840635216724003546}
  - {fileID: 2699449847762155934}
  - {fileID: 2241054155832132059}
  - {fileID: 4196272259445326891}
  - {fileID: 6980246583136187587}
  - {fileID: 5485250221114842969}
  - {fileID: 5251220303291958248}
  - {fileID: 2915486601285379597}
  - {fileID: 3487555260239430070}
  - {fileID: 6062794396929470685}
  - {fileID: 5404292867692655004}
  - {fileID: 349272645880044082}
  - {fileID: 4164501274554638798}
  - {fileID: 1803679225098493964}
  - {fileID: 629981150726867847}
  - {fileID: 9198487512468772917}
  - {fileID: 2547669341380551272}
  - {fileID: 5508782042819452526}
  - {fileID: 5818623982793160471}
  - {fileID: 9019843774201218344}
  - {fileID: 4467504145129218613}
  - {fileID: 1586719155590229697}
  - {fileID: 2073670463072808010}
  - {fileID: 2709354222404968050}
  m_BlendShapeWeights: []
  m_RootBone: {fileID: 349272645880044082}
  m_AABB:
    m_Center: {x: -0.16681522, y: 0.026008666, z: -0.006178081}
    m_Extent: {x: 0.55277914, y: 0.2512757, z: 0.5633403}
  m_DirtyAABB: 0
--- !u!1 &1561346880175073910
GameObject:
  m_ObjectHideFlags: 0
  m_CorrespondingSourceObject: {fileID: 0}
  m_PrefabInstance: {fileID: 0}
  m_PrefabAsset: {fileID: 0}
  serializedVersion: 6
  m_Component:
  - component: {fileID: 5818623982793160471}
  m_Layer: 0
  m_Name: Base HumanRCalf
  m_TagString: Untagged
  m_Icon: {fileID: 0}
  m_NavMeshLayer: 0
  m_StaticEditorFlags: 0
  m_IsActive: 1
--- !u!4 &5818623982793160471
Transform:
  m_ObjectHideFlags: 0
  m_CorrespondingSourceObject: {fileID: 0}
  m_PrefabInstance: {fileID: 0}
  m_PrefabAsset: {fileID: 0}
  m_GameObject: {fileID: 1561346880175073910}
  m_LocalRotation: {x: -0.010375981, y: 0.0059920144, z: 0.10306674, w: 0.99460226}
  m_LocalPosition: {x: -0.18050343, y: -0.00000074505806, z: 0.00000040233135}
  m_LocalScale: {x: 0.9999903, y: 1.0000101, z: 0.9999999}
  m_Children:
  - {fileID: 4467504145129218613}
  m_Father: {fileID: 2547669341380551272}
  m_RootOrder: 0
  m_LocalEulerAnglesHint: {x: 0, y: 0, z: 0}
--- !u!1 &1759098457111626359
GameObject:
  m_ObjectHideFlags: 0
  m_CorrespondingSourceObject: {fileID: 0}
  m_PrefabInstance: {fileID: 0}
  m_PrefabAsset: {fileID: 0}
  serializedVersion: 6
  m_Component:
  - component: {fileID: 5404292867692655004}
  m_Layer: 0
  m_Name: Base HumanSpine1
  m_TagString: Untagged
  m_Icon: {fileID: 0}
  m_NavMeshLayer: 0
  m_StaticEditorFlags: 0
  m_IsActive: 1
--- !u!4 &5404292867692655004
Transform:
  m_ObjectHideFlags: 0
  m_CorrespondingSourceObject: {fileID: 0}
  m_PrefabInstance: {fileID: 0}
  m_PrefabAsset: {fileID: 0}
  m_GameObject: {fileID: 1759098457111626359}
  m_LocalRotation: {x: 0.0000000015857785, y: -0.000000021743809, z: -0.14108013, w: 0.9899982}
  m_LocalPosition: {x: -0.061085284, y: -0.0046736673, z: -0.000000011599241}
  m_LocalScale: {x: 1.0000004, y: 1.0000004, z: 1}
  m_Children:
  - {fileID: 6062794396929470685}
  m_Father: {fileID: 349272645880044082}
  m_RootOrder: 2
  m_LocalEulerAnglesHint: {x: 0, y: 0, z: 0}
--- !u!1 &1770145091244175359
GameObject:
  m_ObjectHideFlags: 0
  m_CorrespondingSourceObject: {fileID: 0}
  m_PrefabInstance: {fileID: 0}
  m_PrefabAsset: {fileID: 0}
  serializedVersion: 6
  m_Component:
  - component: {fileID: 7840635216724003546}
  m_Layer: 0
  m_Name: Base Human
  m_TagString: Untagged
  m_Icon: {fileID: 0}
  m_NavMeshLayer: 0
  m_StaticEditorFlags: 0
  m_IsActive: 1
--- !u!4 &7840635216724003546
Transform:
  m_ObjectHideFlags: 0
  m_CorrespondingSourceObject: {fileID: 0}
  m_PrefabInstance: {fileID: 0}
  m_PrefabAsset: {fileID: 0}
  m_GameObject: {fileID: 1770145091244175359}
  m_LocalRotation: {x: 0.5000001, y: -0.50000006, z: -0.4999999, w: 0.49999997}
  m_LocalPosition: {x: -0, y: 0, z: 0}
  m_LocalScale: {x: 1, y: 1, z: 1}
  m_Children: []
  m_Father: {fileID: 2581583411118642982}
  m_RootOrder: 0
  m_LocalEulerAnglesHint: {x: 0, y: 0, z: 0}
--- !u!1 &2195824770122789135
GameObject:
  m_ObjectHideFlags: 0
  m_CorrespondingSourceObject: {fileID: 0}
  m_PrefabInstance: {fileID: 0}
  m_PrefabAsset: {fileID: 0}
  serializedVersion: 6
  m_Component:
  - component: {fileID: 629981150726867847}
  m_Layer: 0
  m_Name: Base HumanRPalm
  m_TagString: Untagged
  m_Icon: {fileID: 0}
  m_NavMeshLayer: 0
  m_StaticEditorFlags: 0
  m_IsActive: 1
--- !u!4 &629981150726867847
Transform:
  m_ObjectHideFlags: 0
  m_CorrespondingSourceObject: {fileID: 0}
  m_PrefabInstance: {fileID: 0}
  m_PrefabAsset: {fileID: 0}
  m_GameObject: {fileID: 2195824770122789135}
  m_LocalRotation: {x: 0.7322823, y: 0.06455711, z: 0.008187223, w: 0.67788494}
  m_LocalPosition: {x: -0.16121545, y: 0, z: 0}
  m_LocalScale: {x: 0.99999326, y: 0.9999991, z: 1.0000082}
  m_Children:
  - {fileID: 7325376656557315506}
  m_Father: {fileID: 4164501274554638798}
  m_RootOrder: 0
  m_LocalEulerAnglesHint: {x: 0, y: 0, z: 0}
--- !u!1 &2775573622987971412
GameObject:
  m_ObjectHideFlags: 0
  m_CorrespondingSourceObject: {fileID: 0}
  m_PrefabInstance: {fileID: 0}
  m_PrefabAsset: {fileID: 0}
  serializedVersion: 6
  m_Component:
  - component: {fileID: 4467504145129218613}
  m_Layer: 0
  m_Name: Base HumanRFoot
  m_TagString: Untagged
  m_Icon: {fileID: 0}
  m_NavMeshLayer: 0
  m_StaticEditorFlags: 0
  m_IsActive: 1
--- !u!4 &4467504145129218613
Transform:
  m_ObjectHideFlags: 0
  m_CorrespondingSourceObject: {fileID: 0}
  m_PrefabInstance: {fileID: 0}
  m_PrefabAsset: {fileID: 0}
  m_GameObject: {fileID: 2775573622987971412}
  m_LocalRotation: {x: 0.009918509, y: 0.0037462153, z: -0.7676782, w: 0.64074785}
  m_LocalPosition: {x: -0.20525679, y: 0, z: 0.000000007450581}
  m_LocalScale: {x: 0.9999747, y: 1.0000259, z: 1.0000001}
  m_Children: []
  m_Father: {fileID: 5818623982793160471}
  m_RootOrder: 0
  m_LocalEulerAnglesHint: {x: 0, y: 0, z: 0}
--- !u!1 &2925211944479935900
GameObject:
  m_ObjectHideFlags: 0
  m_CorrespondingSourceObject: {fileID: 0}
  m_PrefabInstance: {fileID: 0}
  m_PrefabAsset: {fileID: 0}
  serializedVersion: 6
  m_Component:
  - component: {fileID: 2581583411118642982}
  m_Layer: 0
  m_Name: cyborg_with_gun
  m_TagString: Untagged
  m_Icon: {fileID: 0}
  m_NavMeshLayer: 0
  m_StaticEditorFlags: 0
  m_IsActive: 1
--- !u!4 &2581583411118642982
Transform:
  m_ObjectHideFlags: 0
  m_CorrespondingSourceObject: {fileID: 0}
  m_PrefabInstance: {fileID: 0}
  m_PrefabAsset: {fileID: 0}
  m_GameObject: {fileID: 2925211944479935900}
  m_LocalRotation: {x: 0, y: 0, z: 0, w: 1}
  m_LocalPosition: {x: 4.682, y: 0, z: 0}
  m_LocalScale: {x: 1, y: 1, z: 1}
  m_Children:
  - {fileID: 7840635216724003546}
  - {fileID: 2709354222404968050}
  - {fileID: 349272645880044082}
  - {fileID: 2073670463072808010}
  - {fileID: 6995835265958018120}
  m_Father: {fileID: 0}
  m_RootOrder: 0
  m_LocalEulerAnglesHint: {x: 0, y: 0, z: 0}
--- !u!1 &3117573347770874429
GameObject:
  m_ObjectHideFlags: 0
  m_CorrespondingSourceObject: {fileID: 0}
  m_PrefabInstance: {fileID: 0}
  m_PrefabAsset: {fileID: 0}
  serializedVersion: 6
  m_Component:
  - component: {fileID: 1803679225098493964}
  m_Layer: 0
  m_Name: Base HumanLForearm
  m_TagString: Untagged
  m_Icon: {fileID: 0}
  m_NavMeshLayer: 0
  m_StaticEditorFlags: 0
  m_IsActive: 1
--- !u!4 &1803679225098493964
Transform:
  m_ObjectHideFlags: 0
  m_CorrespondingSourceObject: {fileID: 0}
  m_PrefabInstance: {fileID: 0}
  m_PrefabAsset: {fileID: 0}
  m_GameObject: {fileID: 3117573347770874429}
  m_LocalRotation: {x: 0.09132154, y: 0.027298756, z: -0.11619436, w: 0.9886425}
  m_LocalPosition: {x: -0.11798023, y: 0, z: 0}
  m_LocalScale: {x: 0.99999666, y: 1.0000011, z: 1.0000019}
  m_Children:
  - {fileID: 9198487512468772917}
  m_Father: {fileID: 3487555260239430070}
  m_RootOrder: 0
  m_LocalEulerAnglesHint: {x: 0, y: 0, z: 0}
--- !u!1 &3316606371548405025
GameObject:
  m_ObjectHideFlags: 0
  m_CorrespondingSourceObject: {fileID: 0}
  m_PrefabInstance: {fileID: 0}
  m_PrefabAsset: {fileID: 0}
  serializedVersion: 6
  m_Component:
  - component: {fileID: 2915486601285379597}
  m_Layer: 0
  m_Name: Base HumanRUpperarm
  m_TagString: Untagged
  m_Icon: {fileID: 0}
  m_NavMeshLayer: 0
  m_StaticEditorFlags: 0
  m_IsActive: 1
--- !u!4 &2915486601285379597
Transform:
  m_ObjectHideFlags: 0
  m_CorrespondingSourceObject: {fileID: 0}
  m_PrefabInstance: {fileID: 0}
  m_PrefabAsset: {fileID: 0}
  m_GameObject: {fileID: 3316606371548405025}
  m_LocalRotation: {x: -0.036465596, y: 0.109353594, z: -0.23327003, w: 0.96555537}
  m_LocalPosition: {x: -0.10605775, y: 0.000000007450581, z: 0.000000059604645}
  m_LocalScale: {x: 0.99999976, y: 1.0000006, z: 0.9999998}
  m_Children:
  - {fileID: 4164501274554638798}
  m_Father: {fileID: 6980246583136187587}
  m_RootOrder: 0
  m_LocalEulerAnglesHint: {x: 0, y: 0, z: 0}
--- !u!1 &3710412598355819697
GameObject:
  m_ObjectHideFlags: 0
  m_CorrespondingSourceObject: {fileID: 0}
  m_PrefabInstance: {fileID: 0}
  m_PrefabAsset: {fileID: 0}
  serializedVersion: 6
  m_Component:
  - component: {fileID: 6062794396929470685}
  m_Layer: 0
  m_Name: Base HumanSpine2
  m_TagString: Untagged
  m_Icon: {fileID: 0}
  m_NavMeshLayer: 0
  m_StaticEditorFlags: 0
  m_IsActive: 1
--- !u!4 &6062794396929470685
Transform:
  m_ObjectHideFlags: 0
  m_CorrespondingSourceObject: {fileID: 0}
  m_PrefabInstance: {fileID: 0}
  m_PrefabAsset: {fileID: 0}
  m_GameObject: {fileID: 3710412598355819697}
  m_LocalRotation: {x: -0.000000004701655, y: 0.000000021941915, z: 0.14144003, w: 0.98994684}
  m_LocalPosition: {x: -0.08536363, y: 0, z: 5.684342e-14}
  m_LocalScale: {x: 1.0000002, y: 1.0000002, z: 0.99999994}
  m_Children:
  - {fileID: 5251220303291958248}
  m_Father: {fileID: 5404292867692655004}
  m_RootOrder: 0
  m_LocalEulerAnglesHint: {x: 0, y: 0, z: 0}
--- !u!1 &3778715409778656475
GameObject:
  m_ObjectHideFlags: 0
  m_CorrespondingSourceObject: {fileID: 0}
  m_PrefabInstance: {fileID: 0}
  m_PrefabAsset: {fileID: 0}
  serializedVersion: 6
  m_Component:
  - component: {fileID: 4196272259445326891}
  m_Layer: 0
  m_Name: Base HumanRibcage
  m_TagString: Untagged
  m_Icon: {fileID: 0}
  m_NavMeshLayer: 0
  m_StaticEditorFlags: 0
  m_IsActive: 1
--- !u!4 &4196272259445326891
Transform:
  m_ObjectHideFlags: 0
  m_CorrespondingSourceObject: {fileID: 0}
  m_PrefabInstance: {fileID: 0}
  m_PrefabAsset: {fileID: 0}
  m_GameObject: {fileID: 3778715409778656475}
  m_LocalRotation: {x: 0.00000001292199, y: 0.000000071864434, z: -0.09155386, w: 0.99580014}
  m_LocalPosition: {x: -0.1354515, y: 0, z: 5.684342e-14}
  m_LocalScale: {x: 0.99999934, y: 0.9999991, z: 1.0000001}
  m_Children:
  - {fileID: 5485250221114842969}
  - {fileID: 2699449847762155934}
  - {fileID: 6980246583136187587}
  m_Father: {fileID: 5251220303291958248}
  m_RootOrder: 0
  m_LocalEulerAnglesHint: {x: 0, y: 0, z: 0}
--- !u!1 &4056139943370080277
GameObject:
  m_ObjectHideFlags: 0
  m_CorrespondingSourceObject: {fileID: 0}
  m_PrefabInstance: {fileID: 0}
  m_PrefabAsset: {fileID: 0}
  serializedVersion: 6
  m_Component:
  - component: {fileID: 2073670463072808010}
  m_Layer: 0
  m_Name: Base HumanRPlatform
  m_TagString: Untagged
  m_Icon: {fileID: 0}
  m_NavMeshLayer: 0
  m_StaticEditorFlags: 0
  m_IsActive: 1
--- !u!4 &2073670463072808010
Transform:
  m_ObjectHideFlags: 0
  m_CorrespondingSourceObject: {fileID: 0}
  m_PrefabInstance: {fileID: 0}
  m_PrefabAsset: {fileID: 0}
  m_GameObject: {fileID: 4056139943370080277}
  m_LocalRotation: {x: -0.502564, y: 0.4974226, z: 0.5025642, w: -0.49742275}
  m_LocalPosition: {x: 0.079335496, y: -0.000652965, z: 0.029121136}
  m_LocalScale: {x: 1, y: 1, z: 1}
  m_Children: []
  m_Father: {fileID: 2581583411118642982}
  m_RootOrder: 3
  m_LocalEulerAnglesHint: {x: 0, y: 0, z: 0}
--- !u!1 &4244400261222632184
GameObject:
  m_ObjectHideFlags: 0
  m_CorrespondingSourceObject: {fileID: 0}
  m_PrefabInstance: {fileID: 0}
  m_PrefabAsset: {fileID: 0}
  serializedVersion: 6
  m_Component:
  - component: {fileID: 5251220303291958248}
  m_Layer: 0
  m_Name: Base HumanSpine3
  m_TagString: Untagged
  m_Icon: {fileID: 0}
  m_NavMeshLayer: 0
  m_StaticEditorFlags: 0
  m_IsActive: 1
--- !u!4 &5251220303291958248
Transform:
  m_ObjectHideFlags: 0
  m_CorrespondingSourceObject: {fileID: 0}
  m_PrefabInstance: {fileID: 0}
  m_PrefabAsset: {fileID: 0}
  m_GameObject: {fileID: 4244400261222632184}
  m_LocalRotation: {x: -0.000000011267073, y: -0.000000056707677, z: 0.06018236, w: 0.9981874}
  m_LocalPosition: {x: -0.09569752, y: 0, z: 0}
  m_LocalScale: {x: 1.0000002, y: 1.0000005, z: 1}
  m_Children:
  - {fileID: 4196272259445326891}
  m_Father: {fileID: 6062794396929470685}
  m_RootOrder: 0
  m_LocalEulerAnglesHint: {x: 0, y: 0, z: 0}
--- !u!1 &5297783940909255585
GameObject:
  m_ObjectHideFlags: 0
  m_CorrespondingSourceObject: {fileID: 0}
  m_PrefabInstance: {fileID: 0}
  m_PrefabAsset: {fileID: 0}
  serializedVersion: 6
  m_Component:
  - component: {fileID: 2547669341380551272}
  m_Layer: 0
  m_Name: Base HumanRThigh
  m_TagString: Untagged
  m_Icon: {fileID: 0}
  m_NavMeshLayer: 0
  m_StaticEditorFlags: 0
  m_IsActive: 1
--- !u!4 &2547669341380551272
Transform:
  m_ObjectHideFlags: 0
  m_CorrespondingSourceObject: {fileID: 0}
  m_PrefabInstance: {fileID: 0}
  m_PrefabAsset: {fileID: 0}
  m_GameObject: {fileID: 5297783940909255585}
  m_LocalRotation: {x: -0.028723903, y: 0.9995858, z: -0.0005111354, w: 0.0017106223}
  m_LocalPosition: {x: -0.023089498, y: 0.04028188, z: -0.077861376}
  m_LocalScale: {x: 0.99999666, y: 1.0000037, z: 1.0000001}
  m_Children:
  - {fileID: 5818623982793160471}
  m_Father: {fileID: 349272645880044082}
  m_RootOrder: 1
  m_LocalEulerAnglesHint: {x: 0, y: 0, z: 0}
--- !u!1 &5591583209027279784
GameObject:
  m_ObjectHideFlags: 0
  m_CorrespondingSourceObject: {fileID: 0}
  m_PrefabInstance: {fileID: 0}
  m_PrefabAsset: {fileID: 0}
  serializedVersion: 6
  m_Component:
  - component: {fileID: 5485250221114842969}
  m_Layer: 0
  m_Name: Base HumanLCollarbone
  m_TagString: Untagged
  m_Icon: {fileID: 0}
  m_NavMeshLayer: 0
  m_StaticEditorFlags: 0
  m_IsActive: 1
--- !u!4 &5485250221114842969
Transform:
  m_ObjectHideFlags: 0
  m_CorrespondingSourceObject: {fileID: 0}
  m_PrefabInstance: {fileID: 0}
  m_PrefabAsset: {fileID: 0}
  m_GameObject: {fileID: 5591583209027279784}
  m_LocalRotation: {x: 0.109661415, y: 0.7599368, z: 0.26147747, w: 0.5848931}
  m_LocalPosition: {x: 0.023199558, y: 0.07047497, z: 0.040247403}
  m_LocalScale: {x: 1.0000002, y: 1.0000002, z: 0.9999996}
  m_Children:
  - {fileID: 3487555260239430070}
  m_Father: {fileID: 4196272259445326891}
  m_RootOrder: 0
  m_LocalEulerAnglesHint: {x: 0, y: 0, z: 0}
--- !u!1 &5829479793868949427
GameObject:
  m_ObjectHideFlags: 0
  m_CorrespondingSourceObject: {fileID: 0}
  m_PrefabInstance: {fileID: 0}
  m_PrefabAsset: {fileID: 0}
  serializedVersion: 6
  m_Component:
  - component: {fileID: 2699449847762155934}
  m_Layer: 0
  m_Name: Base HumanNeck
  m_TagString: Untagged
  m_Icon: {fileID: 0}
  m_NavMeshLayer: 0
  m_StaticEditorFlags: 0
  m_IsActive: 1
--- !u!4 &2699449847762155934
Transform:
  m_ObjectHideFlags: 0
  m_CorrespondingSourceObject: {fileID: 0}
  m_PrefabInstance: {fileID: 0}
  m_PrefabAsset: {fileID: 0}
  m_GameObject: {fileID: 5829479793868949427}
  m_LocalRotation: {x: -0.0000014798406, y: -0.00010120628, z: 0.02302433, w: 0.99973494}
  m_LocalPosition: {x: -0.0010614395, y: -0.0046736747, z: -0.0000000089756895}
  m_LocalScale: {x: 0.9999999, y: 0.99999976, z: 0.9999998}
  m_Children:
  - {fileID: 2241054155832132059}
  m_Father: {fileID: 4196272259445326891}
  m_RootOrder: 1
  m_LocalEulerAnglesHint: {x: 0, y: 0, z: 0}
--- !u!1 &6944288052989038718
GameObject:
  m_ObjectHideFlags: 0
  m_CorrespondingSourceObject: {fileID: 0}
  m_PrefabInstance: {fileID: 0}
  m_PrefabAsset: {fileID: 0}
  serializedVersion: 6
  m_Component:
  - component: {fileID: 4164501274554638798}
  m_Layer: 0
  m_Name: Base HumanRForearm
  m_TagString: Untagged
  m_Icon: {fileID: 0}
  m_NavMeshLayer: 0
  m_StaticEditorFlags: 0
  m_IsActive: 1
--- !u!4 &4164501274554638798
Transform:
  m_ObjectHideFlags: 0
  m_CorrespondingSourceObject: {fileID: 0}
  m_PrefabInstance: {fileID: 0}
  m_PrefabAsset: {fileID: 0}
  m_GameObject: {fileID: 6944288052989038718}
  m_LocalRotation: {x: -0.09113066, y: -0.015686816, z: -0.053700373, w: 0.9942663}
  m_LocalPosition: {x: -0.11798023, y: 0, z: 0.000000059604645}
  m_LocalScale: {x: 1.0000018, y: 0.99999756, z: 1.0000007}
  m_Children:
  - {fileID: 629981150726867847}
  m_Father: {fileID: 2915486601285379597}
  m_RootOrder: 0
  m_LocalEulerAnglesHint: {x: 0, y: 0, z: 0}
--- !u!1 &7025077444643889539
GameObject:
  m_ObjectHideFlags: 0
  m_CorrespondingSourceObject: {fileID: 0}
  m_PrefabInstance: {fileID: 0}
  m_PrefabAsset: {fileID: 0}
  serializedVersion: 6
  m_Component:
  - component: {fileID: 6980246583136187587}
  m_Layer: 0
  m_Name: Base HumanRCollarbone
  m_TagString: Untagged
  m_Icon: {fileID: 0}
  m_NavMeshLayer: 0
  m_StaticEditorFlags: 0
  m_IsActive: 1
--- !u!4 &6980246583136187587
Transform:
  m_ObjectHideFlags: 0
  m_CorrespondingSourceObject: {fileID: 0}
  m_PrefabInstance: {fileID: 0}
  m_PrefabAsset: {fileID: 0}
  m_GameObject: {fileID: 7025077444643889539}
  m_LocalRotation: {x: -0.1096615, y: -0.75993687, z: 0.26147738, w: 0.5848931}
  m_LocalPosition: {x: 0.023199499, y: 0.070475, z: -0.04024741}
  m_LocalScale: {x: 0.99999976, y: 0.99999994, z: 1.0000006}
  m_Children:
  - {fileID: 2915486601285379597}
  m_Father: {fileID: 4196272259445326891}
  m_RootOrder: 2
  m_LocalEulerAnglesHint: {x: 0, y: 0, z: 0}
--- !u!1 &7112149594492269458
GameObject:
  m_ObjectHideFlags: 0
  m_CorrespondingSourceObject: {fileID: 0}
  m_PrefabInstance: {fileID: 0}
  m_PrefabAsset: {fileID: 0}
  serializedVersion: 6
  m_Component:
  - component: {fileID: 9198487512468772917}
  m_Layer: 0
  m_Name: Base HumanLPalm
  m_TagString: Untagged
  m_Icon: {fileID: 0}
  m_NavMeshLayer: 0
  m_StaticEditorFlags: 0
  m_IsActive: 1
--- !u!4 &9198487512468772917
Transform:
  m_ObjectHideFlags: 0
  m_CorrespondingSourceObject: {fileID: 0}
  m_PrefabInstance: {fileID: 0}
  m_PrefabAsset: {fileID: 0}
  m_GameObject: {fileID: 7112149594492269458}
  m_LocalRotation: {x: -0.7325792, y: -0.041981407, z: 0.05759728, w: 0.6769401}
  m_LocalPosition: {x: -0.16121529, y: 0.000000014901161, z: 0}
  m_LocalScale: {x: 0.9999894, y: 1.0000067, z: 1.0000042}
  m_Children: []
  m_Father: {fileID: 1803679225098493964}
  m_RootOrder: 0
  m_LocalEulerAnglesHint: {x: 0, y: 0, z: 0}
--- !u!1 &7493659378118123205
GameObject:
  m_ObjectHideFlags: 0
  m_CorrespondingSourceObject: {fileID: 0}
  m_PrefabInstance: {fileID: 0}
  m_PrefabAsset: {fileID: 0}
  serializedVersion: 6
  m_Component:
  - component: {fileID: 2709354222404968050}
  m_Layer: 0
  m_Name: Base HumanLPlatform
  m_TagString: Untagged
  m_Icon: {fileID: 0}
  m_NavMeshLayer: 0
  m_StaticEditorFlags: 0
  m_IsActive: 1
--- !u!4 &2709354222404968050
Transform:
  m_ObjectHideFlags: 0
  m_CorrespondingSourceObject: {fileID: 0}
  m_PrefabInstance: {fileID: 0}
  m_PrefabAsset: {fileID: 0}
  m_GameObject: {fileID: 7493659378118123205}
  m_LocalRotation: {x: 0.50000006, y: -0.49999994, z: -0.49999994, w: 0.50000006}
  m_LocalPosition: {x: -0.0793355, y: -0.0010063081, z: 0.029121112}
  m_LocalScale: {x: 1, y: 1, z: 1}
  m_Children: []
  m_Father: {fileID: 2581583411118642982}
  m_RootOrder: 1
  m_LocalEulerAnglesHint: {x: 0, y: 0, z: 0}
--- !u!1 &7598280538918141401
GameObject:
  m_ObjectHideFlags: 0
  m_CorrespondingSourceObject: {fileID: 0}
  m_PrefabInstance: {fileID: 0}
  m_PrefabAsset: {fileID: 0}
  serializedVersion: 6
  m_Component:
  - component: {fileID: 1586719155590229697}
  m_Layer: 0
  m_Name: Base HumanLFoot
  m_TagString: Untagged
  m_Icon: {fileID: 0}
  m_NavMeshLayer: 0
  m_StaticEditorFlags: 0
  m_IsActive: 1
--- !u!4 &1586719155590229697
Transform:
  m_ObjectHideFlags: 0
  m_CorrespondingSourceObject: {fileID: 0}
  m_PrefabInstance: {fileID: 0}
  m_PrefabAsset: {fileID: 0}
  m_GameObject: {fileID: 7598280538918141401}
  m_LocalRotation: {x: -0.00930148, y: -0.0041774, z: -0.7634859, w: 0.645744}
  m_LocalPosition: {x: -0.20525679, y: -0.0000000018626451, z: 0}
  m_LocalScale: {x: 1.0000496, y: 0.9999505, z: 1}
  m_Children: []
  m_Father: {fileID: 9019843774201218344}
  m_RootOrder: 0
  m_LocalEulerAnglesHint: {x: 0, y: 0, z: 0}
--- !u!1 &8055836167201985364
GameObject:
  m_ObjectHideFlags: 0
  m_CorrespondingSourceObject: {fileID: 0}
  m_PrefabInstance: {fileID: 0}
  m_PrefabAsset: {fileID: 0}
  serializedVersion: 6
  m_Component:
  - component: {fileID: 3487555260239430070}
  m_Layer: 0
  m_Name: Base HumanLUpperarm
  m_TagString: Untagged
  m_Icon: {fileID: 0}
  m_NavMeshLayer: 0
  m_StaticEditorFlags: 0
  m_IsActive: 1
--- !u!4 &3487555260239430070
Transform:
  m_ObjectHideFlags: 0
  m_CorrespondingSourceObject: {fileID: 0}
  m_PrefabInstance: {fileID: 0}
  m_PrefabAsset: {fileID: 0}
  m_GameObject: {fileID: 8055836167201985364}
  m_LocalRotation: {x: -0.097285606, y: -0.053869303, z: -0.2330236, w: 0.96609193}
  m_LocalPosition: {x: -0.10605775, y: 0, z: 0}
  m_LocalScale: {x: 0.9999992, y: 1.0000007, z: 1.0000007}
  m_Children:
  - {fileID: 1803679225098493964}
  m_Father: {fileID: 5485250221114842969}
  m_RootOrder: 0
  m_LocalEulerAnglesHint: {x: 0, y: 0, z: 0}
--- !u!1 &8206445435333508772
GameObject:
  m_ObjectHideFlags: 0
  m_CorrespondingSourceObject: {fileID: 0}
  m_PrefabInstance: {fileID: 0}
  m_PrefabAsset: {fileID: 0}
  serializedVersion: 6
  m_Component:
  - component: {fileID: 349272645880044082}
  m_Layer: 0
  m_Name: Base HumanPelvis
  m_TagString: Untagged
  m_Icon: {fileID: 0}
  m_NavMeshLayer: 0
  m_StaticEditorFlags: 0
  m_IsActive: 1
--- !u!4 &349272645880044082
Transform:
  m_ObjectHideFlags: 0
  m_CorrespondingSourceObject: {fileID: 0}
  m_PrefabInstance: {fileID: 0}
  m_PrefabAsset: {fileID: 0}
  m_GameObject: {fileID: 8206445435333508772}
  m_LocalRotation: {x: 0.49912265, y: -0.50086725, z: -0.4991312, w: 0.5008759}
  m_LocalPosition: {x: 0.000000063984345, y: 0.3735608, z: -0.042917993}
  m_LocalScale: {x: 1, y: 1, z: 1}
  m_Children:
  - {fileID: 5508782042819452526}
  - {fileID: 2547669341380551272}
  - {fileID: 5404292867692655004}
  m_Father: {fileID: 2581583411118642982}
  m_RootOrder: 2
  m_LocalEulerAnglesHint: {x: 0, y: 0, z: 0}
--- !u!1 &8909283309316451526
GameObject:
  m_ObjectHideFlags: 0
  m_CorrespondingSourceObject: {fileID: 0}
  m_PrefabInstance: {fileID: 0}
  m_PrefabAsset: {fileID: 0}
  serializedVersion: 6
  m_Component:
  - component: {fileID: 5508782042819452526}
  m_Layer: 0
  m_Name: Base HumanLThigh
  m_TagString: Untagged
  m_Icon: {fileID: 0}
  m_NavMeshLayer: 0
  m_StaticEditorFlags: 0
  m_IsActive: 1
--- !u!4 &5508782042819452526
Transform:
  m_ObjectHideFlags: 0
  m_CorrespondingSourceObject: {fileID: 0}
  m_PrefabInstance: {fileID: 0}
  m_PrefabAsset: {fileID: 0}
  m_GameObject: {fileID: 8909283309316451526}
  m_LocalRotation: {x: -0.015298034, y: 0.9998826, z: 0.00051588204, w: -0.0008115959}
  m_LocalPosition: {x: -0.023089468, y: 0.040281884, z: 0.077861376}
  m_LocalScale: {x: 0.9999968, y: 1.0000038, z: 1.0000002}
  m_Children:
  - {fileID: 9019843774201218344}
  m_Father: {fileID: 349272645880044082}
  m_RootOrder: 0
  m_LocalEulerAnglesHint: {x: 0, y: 0, z: 0}
--- !u!1 &9214641747496683866
GameObject:
  m_ObjectHideFlags: 0
  m_CorrespondingSourceObject: {fileID: 0}
  m_PrefabInstance: {fileID: 0}
  m_PrefabAsset: {fileID: 0}
  serializedVersion: 6
  m_Component:
  - component: {fileID: 7325376656557315506}
  - component: {fileID: 6344673736970769005}
  - component: {fileID: 8360764812775757224}
  m_Layer: 0
  m_Name: Big_gun
  m_TagString: Untagged
  m_Icon: {fileID: 0}
  m_NavMeshLayer: 0
  m_StaticEditorFlags: 0
  m_IsActive: 1
--- !u!4 &7325376656557315506
Transform:
  m_ObjectHideFlags: 0
  m_CorrespondingSourceObject: {fileID: 0}
  m_PrefabInstance: {fileID: 0}
  m_PrefabAsset: {fileID: 0}
  m_GameObject: {fileID: 9214641747496683866}
  m_LocalRotation: {x: 0.2534255, y: 0.6835268, z: -0.680056, w: 0.07804193}
  m_LocalPosition: {x: -0.089244306, y: -0.021723151, z: -0.0021826625}
  m_LocalScale: {x: 1.0000057, y: 0.99999326, z: 0.9999998}
  m_Children: []
  m_Father: {fileID: 629981150726867847}
  m_RootOrder: 0
  m_LocalEulerAnglesHint: {x: 0, y: 0, z: 0}
--- !u!33 &6344673736970769005
MeshFilter:
  m_ObjectHideFlags: 0
  m_CorrespondingSourceObject: {fileID: 0}
  m_PrefabInstance: {fileID: 0}
  m_PrefabAsset: {fileID: 0}
  m_GameObject: {fileID: 9214641747496683866}
  m_Mesh: {fileID: 7215883275559525513, guid: 4e00c343634fc7548952de6b3ae4b913, type: 3}
--- !u!23 &8360764812775757224
MeshRenderer:
  m_ObjectHideFlags: 0
  m_CorrespondingSourceObject: {fileID: 0}
  m_PrefabInstance: {fileID: 0}
  m_PrefabAsset: {fileID: 0}
  m_GameObject: {fileID: 9214641747496683866}
  m_Enabled: 1
  m_CastShadows: 1
  m_ReceiveShadows: 1
  m_DynamicOccludee: 1
  m_MotionVectors: 1
  m_LightProbeUsage: 1
  m_ReflectionProbeUsage: 1
  m_RayTracingMode: 2
  m_RayTraceProcedural: 0
  m_RenderingLayerMask: 1
  m_RendererPriority: 0
  m_Materials:
  - {fileID: 2100000, guid: f592384c6de27b34db367417648d3ef0, type: 2}
  - {fileID: 2100000, guid: f53664f4bde15be4cb88dbecf6632284, type: 2}
  - {fileID: 2100000, guid: 29ac2e0ca3f80dd4bb92a6f7d4e7611e, type: 2}
  m_StaticBatchInfo:
    firstSubMesh: 0
    subMeshCount: 0
  m_StaticBatchRoot: {fileID: 0}
  m_ProbeAnchor: {fileID: 0}
  m_LightProbeVolumeOverride: {fileID: 0}
  m_ScaleInLightmap: 1
  m_ReceiveGI: 1
  m_PreserveUVs: 0
  m_IgnoreNormalsForChartDetection: 0
  m_ImportantGI: 0
  m_StitchLightmapSeams: 1
  m_SelectedEditorRenderState: 3
  m_MinimumChartSize: 4
  m_AutoUVMaxDistance: 0.5
  m_AutoUVMaxAngle: 89
  m_LightmapParameters: {fileID: 0}
  m_SortingLayerID: 0
  m_SortingLayer: 0
  m_SortingOrder: 0
  m_AdditionalVertexStreams: {fileID: 0}
