%YAML 1.1
%TAG !u! tag:unity3d.com,2011:
--- !u!1 &406786828167751855
GameObject:
  m_ObjectHideFlags: 0
  m_CorrespondingSourceObject: {fileID: 0}
  m_PrefabInstance: {fileID: 0}
  m_PrefabAsset: {fileID: 0}
  serializedVersion: 6
  m_Component:
  - component: {fileID: 3232018895154460820}
  m_Layer: 0
  m_Name: Base HumanLArm2
  m_TagString: Untagged
  m_Icon: {fileID: 0}
  m_NavMeshLayer: 0
  m_StaticEditorFlags: 0
  m_IsActive: 1
--- !u!4 &3232018895154460820
Transform:
  m_ObjectHideFlags: 0
  m_CorrespondingSourceObject: {fileID: 0}
  m_PrefabInstance: {fileID: 0}
  m_PrefabAsset: {fileID: 0}
  m_GameObject: {fileID: 406786828167751855}
  m_LocalRotation: {x: -0.029029032, y: -0.20226416, z: 0.032012492, w: 0.9783771}
  m_LocalPosition: {x: -0.103640676, y: -0.000000014901161, z: -0.000000022351742}
  m_LocalScale: {x: 1.0000125, y: 0.9999875, z: 1.0000005}
  m_ConstrainProportionsScale: 0
  m_Children: []
  m_Father: {fileID: 2654210945970091338}
  m_RootOrder: 0
  m_LocalEulerAnglesHint: {x: 0, y: 0, z: 0}
--- !u!1 &514868044433719196
GameObject:
  m_ObjectHideFlags: 0
  m_CorrespondingSourceObject: {fileID: 0}
  m_PrefabInstance: {fileID: 0}
  m_PrefabAsset: {fileID: 0}
  serializedVersion: 6
  m_Component:
  - component: {fileID: 2654210945970091338}
  m_Layer: 0
  m_Name: Base HumanLArm1
  m_TagString: Untagged
  m_Icon: {fileID: 0}
  m_NavMeshLayer: 0
  m_StaticEditorFlags: 0
  m_IsActive: 1
--- !u!4 &2654210945970091338
Transform:
  m_ObjectHideFlags: 0
  m_CorrespondingSourceObject: {fileID: 0}
  m_PrefabInstance: {fileID: 0}
  m_PrefabAsset: {fileID: 0}
  m_GameObject: {fileID: 514868044433719196}
  m_LocalRotation: {x: 0.25239015, y: -0.071749575, z: 0.18690269, w: 0.94668823}
  m_LocalPosition: {x: -0.09314898, y: -0.000000014901161, z: 0.000000014901161}
  m_LocalScale: {x: 1.000004, y: 0.9999963, z: 0.9999998}
  m_ConstrainProportionsScale: 0
  m_Children:
  - {fileID: 3232018895154460820}
  m_Father: {fileID: 5676180372518666498}
  m_RootOrder: 0
  m_LocalEulerAnglesHint: {x: 0, y: 0, z: 0}
--- !u!1 &518372344480421905
GameObject:
  m_ObjectHideFlags: 0
  m_CorrespondingSourceObject: {fileID: 0}
  m_PrefabInstance: {fileID: 0}
  m_PrefabAsset: {fileID: 0}
  serializedVersion: 6
  m_Component:
  - component: {fileID: 4833679889091709033}
  m_Layer: 0
  m_Name: Base HumanRibcage
  m_TagString: Untagged
  m_Icon: {fileID: 0}
  m_NavMeshLayer: 0
  m_StaticEditorFlags: 0
  m_IsActive: 1
--- !u!4 &4833679889091709033
Transform:
  m_ObjectHideFlags: 0
  m_CorrespondingSourceObject: {fileID: 0}
  m_PrefabInstance: {fileID: 0}
  m_PrefabAsset: {fileID: 0}
  m_GameObject: {fileID: 518372344480421905}
  m_LocalRotation: {x: 0.0002395513, y: -0.005746397, z: -0.0699405, w: 0.9975346}
  m_LocalPosition: {x: -0.15068899, y: 0.0000000018626451, z: -2.3283064e-10}
  m_LocalScale: {x: 0.9999997, y: 0.99999976, z: 1}
  m_ConstrainProportionsScale: 0
  m_Children:
  - {fileID: 5676180372518666498}
  - {fileID: 5462004045970212493}
  - {fileID: 8504126752769519015}
  - {fileID: 4192431980004526986}
  - {fileID: 6359254043102161706}
  m_Father: {fileID: 385581179056860248}
  m_RootOrder: 0
  m_LocalEulerAnglesHint: {x: 0, y: 0, z: 0}
--- !u!1 &1287442544201839722
GameObject:
  m_ObjectHideFlags: 0
  m_CorrespondingSourceObject: {fileID: 0}
  m_PrefabInstance: {fileID: 0}
  m_PrefabAsset: {fileID: 0}
  serializedVersion: 6
  m_Component:
  - component: {fileID: 7904099135610474175}
  m_Layer: 0
  m_Name: Base HumanRArm1
  m_TagString: Untagged
  m_Icon: {fileID: 0}
  m_NavMeshLayer: 0
  m_StaticEditorFlags: 0
  m_IsActive: 1
--- !u!4 &7904099135610474175
Transform:
  m_ObjectHideFlags: 0
  m_CorrespondingSourceObject: {fileID: 0}
  m_PrefabInstance: {fileID: 0}
  m_PrefabAsset: {fileID: 0}
  m_GameObject: {fileID: 1287442544201839722}
  m_LocalRotation: {x: -0.017515453, y: -0.0030441654, z: -0.04551696, w: 0.9988054}
  m_LocalPosition: {x: -0.06274134, y: 0, z: 0.0000000018626451}
  m_LocalScale: {x: 1.0000006, y: 0.9999991, z: 1.0000004}
  m_ConstrainProportionsScale: 0
  m_Children:
  - {fileID: 5951617474654070137}
  m_Father: {fileID: 6359254043102161706}
  m_RootOrder: 0
  m_LocalEulerAnglesHint: {x: 0, y: 0, z: 0}
--- !u!1 &2349090989384852001
GameObject:
  m_ObjectHideFlags: 0
  m_CorrespondingSourceObject: {fileID: 0}
  m_PrefabInstance: {fileID: 0}
  m_PrefabAsset: {fileID: 0}
  serializedVersion: 6
  m_Component:
  - component: {fileID: 6170598846574872247}
  m_Layer: 0
  m_Name: Base HumanPelvis
  m_TagString: Untagged
  m_Icon: {fileID: 0}
  m_NavMeshLayer: 0
  m_StaticEditorFlags: 0
  m_IsActive: 1
--- !u!4 &6170598846574872247
Transform:
  m_ObjectHideFlags: 0
  m_CorrespondingSourceObject: {fileID: 0}
  m_PrefabInstance: {fileID: 0}
  m_PrefabAsset: {fileID: 0}
  m_GameObject: {fileID: 2349090989384852001}
  m_LocalRotation: {x: -0.49912694, y: 0.5008715, z: -0.4991271, w: 0.5008715}
  m_LocalPosition: {x: -0.000000024722016, y: 0.052129216, z: 0.048126347}
  m_LocalScale: {x: 1, y: 1, z: 1}
  m_ConstrainProportionsScale: 0
  m_Children:
  - {fileID: 1983102060778253593}
  m_Father: {fileID: 8262173494145682339}
  m_RootOrder: 1
  m_LocalEulerAnglesHint: {x: 0, y: 0, z: 0}
--- !u!1 &2376622776755191677
GameObject:
  m_ObjectHideFlags: 0
  m_CorrespondingSourceObject: {fileID: 0}
  m_PrefabInstance: {fileID: 0}
  m_PrefabAsset: {fileID: 0}
  serializedVersion: 6
  m_Component:
  - component: {fileID: 6081285849647831846}
  m_Layer: 0
  m_Name: Base HumanLArm2 2
  m_TagString: Untagged
  m_Icon: {fileID: 0}
  m_NavMeshLayer: 0
  m_StaticEditorFlags: 0
  m_IsActive: 1
--- !u!4 &6081285849647831846
Transform:
  m_ObjectHideFlags: 0
  m_CorrespondingSourceObject: {fileID: 0}
  m_PrefabInstance: {fileID: 0}
  m_PrefabAsset: {fileID: 0}
  m_GameObject: {fileID: 2376622776755191677}
  m_LocalRotation: {x: -0.037279353, y: 0.0025115085, z: 0.09219501, w: 0.9950397}
  m_LocalPosition: {x: -0.12169415, y: 0, z: -0.0000000018626451}
  m_LocalScale: {x: 0.99999213, y: 1.0000085, z: 0.9999997}
  m_ConstrainProportionsScale: 0
  m_Children:
  - {fileID: 7455178067087536865}
  m_Father: {fileID: 7732804323157145214}
  m_RootOrder: 0
  m_LocalEulerAnglesHint: {x: 0, y: 0, z: 0}
--- !u!1 &2933548358063764570
GameObject:
  m_ObjectHideFlags: 0
  m_CorrespondingSourceObject: {fileID: 0}
  m_PrefabInstance: {fileID: 0}
  m_PrefabAsset: {fileID: 0}
  serializedVersion: 6
  m_Component:
  - component: {fileID: 4426699889918766549}
  m_Layer: 0
  m_Name: Base HumanLArm2 3
  m_TagString: Untagged
  m_Icon: {fileID: 0}
  m_NavMeshLayer: 0
  m_StaticEditorFlags: 0
  m_IsActive: 1
--- !u!4 &4426699889918766549
Transform:
  m_ObjectHideFlags: 0
  m_CorrespondingSourceObject: {fileID: 0}
  m_PrefabInstance: {fileID: 0}
  m_PrefabAsset: {fileID: 0}
  m_GameObject: {fileID: 2933548358063764570}
  m_LocalRotation: {x: -0.039125632, y: 0.01070683, z: 0.07028217, w: 0.9967021}
  m_LocalPosition: {x: -0.099815756, y: 0, z: 0.000000007450581}
  m_LocalScale: {x: 0.9999985, y: 1.0000015, z: 1.0000002}
  m_ConstrainProportionsScale: 0
  m_Children:
  - {fileID: 5600330918776235486}
  m_Father: {fileID: 8303193456574568075}
  m_RootOrder: 0
  m_LocalEulerAnglesHint: {x: 0, y: 0, z: 0}
--- !u!1 &3616452344524909840
GameObject:
  m_ObjectHideFlags: 0
  m_CorrespondingSourceObject: {fileID: 0}
  m_PrefabInstance: {fileID: 0}
  m_PrefabAsset: {fileID: 0}
  serializedVersion: 6
  m_Component:
  - component: {fileID: 8504126752769519015}
  m_Layer: 0
  m_Name: Base HumanLArmCollarbone 2
  m_TagString: Untagged
  m_Icon: {fileID: 0}
  m_NavMeshLayer: 0
  m_StaticEditorFlags: 0
  m_IsActive: 1
--- !u!4 &8504126752769519015
Transform:
  m_ObjectHideFlags: 0
  m_CorrespondingSourceObject: {fileID: 0}
  m_PrefabInstance: {fileID: 0}
  m_PrefabAsset: {fileID: 0}
  m_GameObject: {fileID: 3616452344524909840}
  m_LocalRotation: {x: 0.9911514, y: -0.09757303, z: 0.0017681379, w: -0.08997401}
  m_LocalPosition: {x: 0.023059726, y: 0.0028011166, z: 0.033496078}
  m_LocalScale: {x: 0.9999992, y: 0.99999994, z: 1.0000007}
  m_ConstrainProportionsScale: 0
  m_Children:
  - {fileID: 7732804323157145214}
  m_Father: {fileID: 4833679889091709033}
  m_RootOrder: 2
  m_LocalEulerAnglesHint: {x: 0, y: 0, z: 0}
--- !u!1 &3943698906154537688
GameObject:
  m_ObjectHideFlags: 0
  m_CorrespondingSourceObject: {fileID: 0}
  m_PrefabInstance: {fileID: 0}
  m_PrefabAsset: {fileID: 0}
  serializedVersion: 6
  m_Component:
  - component: {fileID: 5600330918776235486}
  m_Layer: 0
  m_Name: Base HumanLArmPalm 2
  m_TagString: Untagged
  m_Icon: {fileID: 0}
  m_NavMeshLayer: 0
  m_StaticEditorFlags: 0
  m_IsActive: 1
--- !u!4 &5600330918776235486
Transform:
  m_ObjectHideFlags: 0
  m_CorrespondingSourceObject: {fileID: 0}
  m_PrefabInstance: {fileID: 0}
  m_PrefabAsset: {fileID: 0}
  m_GameObject: {fileID: 3943698906154537688}
  m_LocalRotation: {x: 0.023005053, y: -0.01607624, z: 0.09016498, w: 0.9955313}
  m_LocalPosition: {x: -0.062477678, y: 0, z: -0.000000014901161}
  m_LocalScale: {x: 0.9999995, y: 0.9999978, z: 1.0000025}
  m_ConstrainProportionsScale: 0
  m_Children: []
  m_Father: {fileID: 4426699889918766549}
  m_RootOrder: 0
  m_LocalEulerAnglesHint: {x: 0, y: 0, z: 0}
--- !u!1 &4325358150250520375
GameObject:
  m_ObjectHideFlags: 0
  m_CorrespondingSourceObject: {fileID: 0}
  m_PrefabInstance: {fileID: 0}
  m_PrefabAsset: {fileID: 0}
  serializedVersion: 6
  m_Component:
  - component: {fileID: 4192431980004526986}
  m_Layer: 0
  m_Name: Base HumanLArmCollarbone 3
  m_TagString: Untagged
  m_Icon: {fileID: 0}
  m_NavMeshLayer: 0
  m_StaticEditorFlags: 0
  m_IsActive: 1
--- !u!4 &4192431980004526986
Transform:
  m_ObjectHideFlags: 0
  m_CorrespondingSourceObject: {fileID: 0}
  m_PrefabInstance: {fileID: 0}
  m_PrefabAsset: {fileID: 0}
  m_GameObject: {fileID: 4325358150250520375}
  m_LocalRotation: {x: 0.9979964, y: -0.031582043, z: 0.054464053, w: 0.0062835207}
  m_LocalPosition: {x: 0.022179633, y: 0.02099884, z: -0.100032866}
  m_LocalScale: {x: 0.9999992, y: 1.0000007, z: 1.0000002}
  m_ConstrainProportionsScale: 0
  m_Children:
  - {fileID: 8303193456574568075}
  m_Father: {fileID: 4833679889091709033}
  m_RootOrder: 3
  m_LocalEulerAnglesHint: {x: 0, y: 0, z: 0}
--- !u!1 &5265571982361272050
GameObject:
  m_ObjectHideFlags: 0
  m_CorrespondingSourceObject: {fileID: 0}
  m_PrefabInstance: {fileID: 0}
  m_PrefabAsset: {fileID: 0}
  serializedVersion: 6
  m_Component:
  - component: {fileID: 1983102060778253593}
  m_Layer: 0
  m_Name: Base HumanSpine1
  m_TagString: Untagged
  m_Icon: {fileID: 0}
  m_NavMeshLayer: 0
  m_StaticEditorFlags: 0
  m_IsActive: 1
--- !u!4 &1983102060778253593
Transform:
  m_ObjectHideFlags: 0
  m_CorrespondingSourceObject: {fileID: 0}
  m_PrefabInstance: {fileID: 0}
  m_PrefabAsset: {fileID: 0}
  m_GameObject: {fileID: 5265571982361272050}
  m_LocalRotation: {x: -0.0015161743, y: 0.0071506784, z: -0.13091318, w: 0.9913669}
  m_LocalPosition: {x: -0.030539606, y: -0.0023366027, z: -0.0000000057990484}
  m_LocalScale: {x: 1.0000002, y: 1.0000002, z: 0.99999994}
  m_ConstrainProportionsScale: 0
  m_Children:
  - {fileID: 385581179056860248}
  m_Father: {fileID: 6170598846574872247}
  m_RootOrder: 0
  m_LocalEulerAnglesHint: {x: 0, y: 0, z: 0}
--- !u!1 &5326160765201527674
GameObject:
  m_ObjectHideFlags: 0
  m_CorrespondingSourceObject: {fileID: 0}
  m_PrefabInstance: {fileID: 0}
  m_PrefabAsset: {fileID: 0}
  serializedVersion: 6
  m_Component:
  - component: {fileID: 4446472696673834591}
  m_Layer: 0
  m_Name: Base Human
  m_TagString: Untagged
  m_Icon: {fileID: 0}
  m_NavMeshLayer: 0
  m_StaticEditorFlags: 0
  m_IsActive: 1
--- !u!4 &4446472696673834591
Transform:
  m_ObjectHideFlags: 0
  m_CorrespondingSourceObject: {fileID: 0}
  m_PrefabInstance: {fileID: 0}
  m_PrefabAsset: {fileID: 0}
  m_GameObject: {fileID: 5326160765201527674}
  m_LocalRotation: {x: -0.50000006, y: 0.49999997, z: -0.49999997, w: 0.50000006}
  m_LocalPosition: {x: -0, y: 0, z: 0}
  m_LocalScale: {x: 1, y: 1, z: 1}
  m_ConstrainProportionsScale: 0
  m_Children: []
  m_Father: {fileID: 8262173494145682339}
  m_RootOrder: 0
  m_LocalEulerAnglesHint: {x: 0, y: 0, z: 0}
--- !u!1 &5998735069560834492
GameObject:
  m_ObjectHideFlags: 0
  m_CorrespondingSourceObject: {fileID: 0}
  m_PrefabInstance: {fileID: 0}
  m_PrefabAsset: {fileID: 0}
  serializedVersion: 6
  m_Component:
  - component: {fileID: 6960125519426117477}
  m_Layer: 0
  m_Name: Base HumanRArmPalm
  m_TagString: Untagged
  m_Icon: {fileID: 0}
  m_NavMeshLayer: 0
  m_StaticEditorFlags: 0
  m_IsActive: 1
--- !u!4 &6960125519426117477
Transform:
  m_ObjectHideFlags: 0
  m_CorrespondingSourceObject: {fileID: 0}
  m_PrefabInstance: {fileID: 0}
  m_PrefabAsset: {fileID: 0}
  m_GameObject: {fileID: 5998735069560834492}
  m_LocalRotation: {x: -0.012691195, y: -0.007580919, z: 0.093756594, w: 0.9954854}
  m_LocalPosition: {x: -0.08564189, y: 0, z: -0.0000000037252903}
  m_LocalScale: {x: 1.0000091, y: 0.99999124, z: 1.0000006}
  m_ConstrainProportionsScale: 0
  m_Children: []
  m_Father: {fileID: 5951617474654070137}
  m_RootOrder: 0
  m_LocalEulerAnglesHint: {x: 0, y: 0, z: 0}
--- !u!1 &6046200065409089775
GameObject:
  m_ObjectHideFlags: 0
  m_CorrespondingSourceObject: {fileID: 0}
  m_PrefabInstance: {fileID: 0}
  m_PrefabAsset: {fileID: 0}
  serializedVersion: 6
  m_Component:
  - component: {fileID: 6327782968077332771}
  m_Layer: 0
  m_Name: Base HumanLArm2 1
  m_TagString: Untagged
  m_Icon: {fileID: 0}
  m_NavMeshLayer: 0
  m_StaticEditorFlags: 0
  m_IsActive: 1
--- !u!4 &6327782968077332771
Transform:
  m_ObjectHideFlags: 0
  m_CorrespondingSourceObject: {fileID: 0}
  m_PrefabInstance: {fileID: 0}
  m_PrefabAsset: {fileID: 0}
  m_GameObject: {fileID: 6046200065409089775}
  m_LocalRotation: {x: -0.02615469, y: 0.003969707, z: 0.117458925, w: 0.9927253}
  m_LocalPosition: {x: -0.12132111, y: 0, z: 0}
  m_LocalScale: {x: 0.9999988, y: 1.0000015, z: 1.0000005}
  m_ConstrainProportionsScale: 0
  m_Children:
  - {fileID: 7333374060537544946}
  m_Father: {fileID: 4895015878565184923}
  m_RootOrder: 0
  m_LocalEulerAnglesHint: {x: 0, y: 0, z: 0}
--- !u!1 &6353302976478330422
GameObject:
  m_ObjectHideFlags: 0
  m_CorrespondingSourceObject: {fileID: 0}
  m_PrefabInstance: {fileID: 0}
  m_PrefabAsset: {fileID: 0}
  serializedVersion: 6
  m_Component:
  - component: {fileID: 4654999280099841104}
  - component: {fileID: 5875814251541906976}
  m_Layer: 0
  m_Name: hand_1
  m_TagString: Untagged
  m_Icon: {fileID: 0}
  m_NavMeshLayer: 0
  m_StaticEditorFlags: 0
  m_IsActive: 1
--- !u!4 &4654999280099841104
Transform:
  m_ObjectHideFlags: 0
  m_CorrespondingSourceObject: {fileID: 0}
  m_PrefabInstance: {fileID: 0}
  m_PrefabAsset: {fileID: 0}
  m_GameObject: {fileID: 6353302976478330422}
  m_LocalRotation: {x: -0.7071068, y: 0, z: -0, w: 0.7071068}
  m_LocalPosition: {x: 0.020200385, y: -0.00046684593, z: -2.9113537e-12}
  m_LocalScale: {x: 1, y: 1, z: 1}
  m_ConstrainProportionsScale: 0
  m_Children: []
  m_Father: {fileID: 8262173494145682339}
  m_RootOrder: 2
  m_LocalEulerAnglesHint: {x: 0, y: 0, z: 0}
--- !u!137 &5875814251541906976
SkinnedMeshRenderer:
  m_ObjectHideFlags: 0
  m_CorrespondingSourceObject: {fileID: 0}
  m_PrefabInstance: {fileID: 0}
  m_PrefabAsset: {fileID: 0}
  m_GameObject: {fileID: 6353302976478330422}
  m_Enabled: 1
  m_CastShadows: 1
  m_ReceiveShadows: 1
  m_DynamicOccludee: 1
  m_StaticShadowCaster: 0
  m_MotionVectors: 1
  m_LightProbeUsage: 1
  m_ReflectionProbeUsage: 1
  m_RayTracingMode: 3
  m_RayTraceProcedural: 0
  m_RenderingLayerMask: 1
  m_RendererPriority: 0
  m_Materials:
  - {fileID: 2100000, guid: b549772480037fe459ba1437afe40ad4, type: 2}
  - {fileID: 2100000, guid: ad9528cf0fdf85d47a7dd22523990aa7, type: 2}
  - {fileID: 2100000, guid: f53664f4bde15be4cb88dbecf6632284, type: 2}
  - {fileID: 2100000, guid: d408fccdf43d38a4a8f8b6564bf6e7bf, type: 2}
  m_StaticBatchInfo:
    firstSubMesh: 0
    subMeshCount: 0
  m_StaticBatchRoot: {fileID: 0}
  m_ProbeAnchor: {fileID: 0}
  m_LightProbeVolumeOverride: {fileID: 0}
  m_ScaleInLightmap: 1
  m_ReceiveGI: 1
  m_PreserveUVs: 0
  m_IgnoreNormalsForChartDetection: 0
  m_ImportantGI: 0
  m_StitchLightmapSeams: 1
  m_SelectedEditorRenderState: 3
  m_MinimumChartSize: 4
  m_AutoUVMaxDistance: 0.5
  m_AutoUVMaxAngle: 89
  m_LightmapParameters: {fileID: 0}
  m_SortingLayerID: 0
  m_SortingLayer: 0
  m_SortingOrder: 0
  serializedVersion: 2
  m_Quality: 0
  m_UpdateWhenOffscreen: 0
  m_SkinnedMotionVectors: 1
  m_Mesh: {fileID: 8029061134703832276, guid: 594cd6393cd00ff4cb1a66733478a998, type: 3}
  m_Bones:
  - {fileID: 4833679889091709033}
  - {fileID: 4446472696673834591}
  - {fileID: 8303193456574568075}
  - {fileID: 4426699889918766549}
  - {fileID: 4192431980004526986}
  - {fileID: 5676180372518666498}
  - {fileID: 2654210945970091338}
  - {fileID: 6170598846574872247}
  - {fileID: 7732804323157145214}
  - {fileID: 7904099135610474175}
  - {fileID: 6359254043102161706}
  - {fileID: 5951617474654070137}
  - {fileID: 4895015878565184923}
  - {fileID: 5462004045970212493}
  - {fileID: 3232018895154460820}
  - {fileID: 6081285849647831846}
  - {fileID: 5600330918776235486}
  - {fileID: 6960125519426117477}
  - {fileID: 7455178067087536865}
  - {fileID: 7333374060537544946}
  - {fileID: 6327782968077332771}
  - {fileID: 1983102060778253593}
  - {fileID: 8504126752769519015}
  - {fileID: 385581179056860248}
  m_BlendShapeWeights: []
  m_RootBone: {fileID: 6170598846574872247}
  m_AABB:
    m_Center: {x: -0.30277577, y: 0.06384348, z: 0.07667507}
    m_Extent: {x: 0.34944138, y: 0.12385809, z: 0.22719751}
  m_DirtyAABB: 0
--- !u!1 &6502981940759117483
GameObject:
  m_ObjectHideFlags: 0
  m_CorrespondingSourceObject: {fileID: 0}
  m_PrefabInstance: {fileID: 0}
  m_PrefabAsset: {fileID: 0}
  serializedVersion: 6
  m_Component:
  - component: {fileID: 4895015878565184923}
  m_Layer: 0
  m_Name: Base HumanLArm1 1
  m_TagString: Untagged
  m_Icon: {fileID: 0}
  m_NavMeshLayer: 0
  m_StaticEditorFlags: 0
  m_IsActive: 1
--- !u!4 &4895015878565184923
Transform:
  m_ObjectHideFlags: 0
  m_CorrespondingSourceObject: {fileID: 0}
  m_PrefabInstance: {fileID: 0}
  m_PrefabAsset: {fileID: 0}
  m_GameObject: {fileID: 6502981940759117483}
  m_LocalRotation: {x: 0.99155855, y: 0.10290067, z: -0.07710929, w: 0.01665251}
  m_LocalPosition: {x: -0.069973946, y: 0, z: 0.000000014901161}
  m_LocalScale: {x: 1.0000006, y: 0.99999964, z: 0.9999995}
  m_ConstrainProportionsScale: 0
  m_Children:
  - {fileID: 6327782968077332771}
  m_Father: {fileID: 5462004045970212493}
  m_RootOrder: 0
  m_LocalEulerAnglesHint: {x: 0, y: 0, z: 0}
--- !u!1 &7062923989837340724
GameObject:
  m_ObjectHideFlags: 0
  m_CorrespondingSourceObject: {fileID: 0}
  m_PrefabInstance: {fileID: 0}
  m_PrefabAsset: {fileID: 0}
  serializedVersion: 6
  m_Component:
  - component: {fileID: 385581179056860248}
  m_Layer: 0
  m_Name: Base HumanSpine2
  m_TagString: Untagged
  m_Icon: {fileID: 0}
  m_NavMeshLayer: 0
  m_StaticEditorFlags: 0
  m_IsActive: 1
--- !u!4 &385581179056860248
Transform:
  m_ObjectHideFlags: 0
  m_CorrespondingSourceObject: {fileID: 0}
  m_PrefabInstance: {fileID: 0}
  m_PrefabAsset: {fileID: 0}
  m_GameObject: {fileID: 7062923989837340724}
  m_LocalRotation: {x: 0.00035683805, y: -0.001521277, z: 0.17448719, w: 0.98465824}
  m_LocalPosition: {x: -0.102963194, y: 0, z: 0}
  m_LocalScale: {x: 1.0000002, y: 1.0000001, z: 0.99999994}
  m_ConstrainProportionsScale: 0
  m_Children:
  - {fileID: 4833679889091709033}
  m_Father: {fileID: 1983102060778253593}
  m_RootOrder: 0
  m_LocalEulerAnglesHint: {x: 0, y: 0, z: 0}
--- !u!1 &7204720403011655044
GameObject:
  m_ObjectHideFlags: 0
  m_CorrespondingSourceObject: {fileID: 0}
  m_PrefabInstance: {fileID: 0}
  m_PrefabAsset: {fileID: 0}
  serializedVersion: 6
  m_Component:
  - component: {fileID: 7732804323157145214}
  m_Layer: 0
  m_Name: Base HumanLArm1 2
  m_TagString: Untagged
  m_Icon: {fileID: 0}
  m_NavMeshLayer: 0
  m_StaticEditorFlags: 0
  m_IsActive: 1
--- !u!4 &7732804323157145214
Transform:
  m_ObjectHideFlags: 0
  m_CorrespondingSourceObject: {fileID: 0}
  m_PrefabInstance: {fileID: 0}
  m_PrefabAsset: {fileID: 0}
  m_GameObject: {fileID: 7204720403011655044}
  m_LocalRotation: {x: -0.06091398, y: -0.037841868, z: -0.060507894, w: 0.9955884}
  m_LocalPosition: {x: -0.0627071, y: 0, z: 0}
  m_LocalScale: {x: 0.99999845, y: 1.0000027, z: 0.9999987}
  m_ConstrainProportionsScale: 0
  m_Children:
  - {fileID: 6081285849647831846}
  m_Father: {fileID: 8504126752769519015}
  m_RootOrder: 0
  m_LocalEulerAnglesHint: {x: 0, y: 0, z: 0}
--- !u!1 &7477669214546625114
GameObject:
  m_ObjectHideFlags: 0
  m_CorrespondingSourceObject: {fileID: 0}
  m_PrefabInstance: {fileID: 0}
  m_PrefabAsset: {fileID: 0}
  serializedVersion: 6
  m_Component:
  - component: {fileID: 5676180372518666498}
  m_Layer: 0
  m_Name: Base HumanLArmCollarbone
  m_TagString: Untagged
  m_Icon: {fileID: 0}
  m_NavMeshLayer: 0
  m_StaticEditorFlags: 0
  m_IsActive: 1
--- !u!4 &5676180372518666498
Transform:
  m_ObjectHideFlags: 0
  m_CorrespondingSourceObject: {fileID: 0}
  m_PrefabInstance: {fileID: 0}
  m_PrefabAsset: {fileID: 0}
  m_GameObject: {fileID: 7477669214546625114}
  m_LocalRotation: {x: -0.10584858, y: 0.40811595, z: -0.21514857, w: 0.8808794}
  m_LocalPosition: {x: 0.1553284, y: 0.03812679, z: 0.12155672}
  m_LocalScale: {x: 0.99999964, y: 1.0000002, z: 1.0000002}
  m_ConstrainProportionsScale: 0
  m_Children:
  - {fileID: 2654210945970091338}
  m_Father: {fileID: 4833679889091709033}
  m_RootOrder: 0
  m_LocalEulerAnglesHint: {x: 0, y: 0, z: 0}
--- !u!1 &7753970166696876417
GameObject:
  m_ObjectHideFlags: 0
  m_CorrespondingSourceObject: {fileID: 0}
  m_PrefabInstance: {fileID: 0}
  m_PrefabAsset: {fileID: 0}
  serializedVersion: 6
  m_Component:
  - component: {fileID: 7455178067087536865}
  m_Layer: 0
  m_Name: Base HumanLArmPalm 1
  m_TagString: Untagged
  m_Icon: {fileID: 0}
  m_NavMeshLayer: 0
  m_StaticEditorFlags: 0
  m_IsActive: 1
--- !u!4 &7455178067087536865
Transform:
  m_ObjectHideFlags: 0
  m_CorrespondingSourceObject: {fileID: 0}
  m_PrefabInstance: {fileID: 0}
  m_PrefabAsset: {fileID: 0}
  m_GameObject: {fileID: 7753970166696876417}
  m_LocalRotation: {x: 0.026628701, y: 0.03523948, z: 0.15001199, w: 0.98769706}
  m_LocalPosition: {x: -0.09526047, y: 0, z: 0}
  m_LocalScale: {x: 0.9999751, y: 1.0000265, z: 0.99999905}
  m_ConstrainProportionsScale: 0
  m_Children: []
  m_Father: {fileID: 6081285849647831846}
  m_RootOrder: 0
  m_LocalEulerAnglesHint: {x: 0, y: 0, z: 0}
--- !u!1 &8044883867168047960
GameObject:
  m_ObjectHideFlags: 0
  m_CorrespondingSourceObject: {fileID: 0}
  m_PrefabInstance: {fileID: 0}
  m_PrefabAsset: {fileID: 0}
  serializedVersion: 6
  m_Component:
  - component: {fileID: 7333374060537544946}
  m_Layer: 0
  m_Name: Base HumanLArmPalm
  m_TagString: Untagged
  m_Icon: {fileID: 0}
  m_NavMeshLayer: 0
  m_StaticEditorFlags: 0
  m_IsActive: 1
--- !u!4 &7333374060537544946
Transform:
  m_ObjectHideFlags: 0
  m_CorrespondingSourceObject: {fileID: 0}
  m_PrefabInstance: {fileID: 0}
  m_PrefabAsset: {fileID: 0}
  m_GameObject: {fileID: 8044883867168047960}
  m_LocalRotation: {x: -0.021321831, y: 0.024983814, z: 0.14069708, w: 0.98950773}
  m_LocalPosition: {x: -0.09894925, y: 0.000000014901161, z: 0.000000007450581}
  m_LocalScale: {x: 0.9999947, y: 1.0000052, z: 1.0000002}
  m_ConstrainProportionsScale: 0
  m_Children: []
  m_Father: {fileID: 6327782968077332771}
  m_RootOrder: 0
  m_LocalEulerAnglesHint: {x: 0, y: 0, z: 0}
--- !u!1 &8209719122149458562
GameObject:
  m_ObjectHideFlags: 0
  m_CorrespondingSourceObject: {fileID: 0}
  m_PrefabInstance: {fileID: 0}
  m_PrefabAsset: {fileID: 0}
  serializedVersion: 6
  m_Component:
  - component: {fileID: 5951617474654070137}
  m_Layer: 0
  m_Name: Base HumanRArm2
  m_TagString: Untagged
  m_Icon: {fileID: 0}
  m_NavMeshLayer: 0
  m_StaticEditorFlags: 0
  m_IsActive: 1
--- !u!4 &5951617474654070137
Transform:
  m_ObjectHideFlags: 0
  m_CorrespondingSourceObject: {fileID: 0}
  m_PrefabInstance: {fileID: 0}
  m_PrefabAsset: {fileID: 0}
  m_GameObject: {fileID: 8209719122149458562}
  m_LocalRotation: {x: 0.046437398, y: 0.013933851, z: 0.09153206, w: 0.9946212}
  m_LocalPosition: {x: -0.107539356, y: 0, z: 0.0000000037252903}
  m_LocalScale: {x: 1.000003, y: 0.9999971, z: 1.0000001}
  m_ConstrainProportionsScale: 0
  m_Children:
  - {fileID: 6960125519426117477}
  m_Father: {fileID: 7904099135610474175}
  m_RootOrder: 0
  m_LocalEulerAnglesHint: {x: 0, y: 0, z: 0}
--- !u!1 &8408658414126126345
GameObject:
  m_ObjectHideFlags: 0
  m_CorrespondingSourceObject: {fileID: 0}
  m_PrefabInstance: {fileID: 0}
  m_PrefabAsset: {fileID: 0}
  serializedVersion: 6
  m_Component:
  - component: {fileID: 8303193456574568075}
  m_Layer: 0
  m_Name: Base HumanLArm1 3
  m_TagString: Untagged
  m_Icon: {fileID: 0}
  m_NavMeshLayer: 0
  m_StaticEditorFlags: 0
  m_IsActive: 1
--- !u!4 &8303193456574568075
Transform:
  m_ObjectHideFlags: 0
  m_CorrespondingSourceObject: {fileID: 0}
  m_PrefabInstance: {fileID: 0}
  m_PrefabAsset: {fileID: 0}
  m_GameObject: {fileID: 8408658414126126345}
  m_LocalRotation: {x: -0.0019561464, y: -0.023890039, z: 0.057612587, w: 0.9980512}
  m_LocalPosition: {x: -0.06106642, y: 0, z: 0.000000007450581}
  m_LocalScale: {x: 1.0000014, y: 0.99999917, z: 0.99999905}
  m_ConstrainProportionsScale: 0
  m_Children:
  - {fileID: 4426699889918766549}
  m_Father: {fileID: 4192431980004526986}
  m_RootOrder: 0
  m_LocalEulerAnglesHint: {x: 0, y: 0, z: 0}
--- !u!1 &8752850770729847125
GameObject:
  m_ObjectHideFlags: 0
  m_CorrespondingSourceObject: {fileID: 0}
  m_PrefabInstance: {fileID: 0}
  m_PrefabAsset: {fileID: 0}
  serializedVersion: 6
  m_Component:
  - component: {fileID: 5462004045970212493}
  m_Layer: 0
  m_Name: Base HumanLArmCollarbone 1
  m_TagString: Untagged
  m_Icon: {fileID: 0}
  m_NavMeshLayer: 0
  m_StaticEditorFlags: 0
  m_IsActive: 1
--- !u!4 &5462004045970212493
Transform:
  m_ObjectHideFlags: 0
  m_CorrespondingSourceObject: {fileID: 0}
  m_PrefabInstance: {fileID: 0}
  m_PrefabAsset: {fileID: 0}
  m_GameObject: {fileID: 8752850770729847125}
  m_LocalRotation: {x: 0.018401317, y: -0.016416878, z: -0.13229164, w: 0.99090403}
  m_LocalPosition: {x: 0.03485608, y: -0.000000014901161, z: 0.11240691}
  m_LocalScale: {x: 0.99999976, y: 0.99999994, z: 1.0000002}
  m_ConstrainProportionsScale: 0
  m_Children:
  - {fileID: 4895015878565184923}
  m_Father: {fileID: 4833679889091709033}
  m_RootOrder: 1
  m_LocalEulerAnglesHint: {x: 0, y: 0, z: 0}
--- !u!1 &8756277801075538873
GameObject:
  m_ObjectHideFlags: 0
  m_CorrespondingSourceObject: {fileID: 0}
  m_PrefabInstance: {fileID: 0}
  m_PrefabAsset: {fileID: 0}
  serializedVersion: 6
  m_Component:
  - component: {fileID: 6359254043102161706}
  m_Layer: 0
  m_Name: Base HumanRArmCollarbone
  m_TagString: Untagged
  m_Icon: {fileID: 0}
  m_NavMeshLayer: 0
  m_StaticEditorFlags: 0
  m_IsActive: 1
--- !u!4 &6359254043102161706
Transform:
  m_ObjectHideFlags: 0
  m_CorrespondingSourceObject: {fileID: 0}
  m_PrefabInstance: {fileID: 0}
  m_PrefabAsset: {fileID: 0}
  m_GameObject: {fileID: 8756277801075538873}
  m_LocalRotation: {x: 0.9950157, y: -0.097062185, z: 0.01924729, w: -0.012341671}
  m_LocalPosition: {x: 0.023059726, y: 0.0028011128, z: -0.034981072}
  m_LocalScale: {x: 1.0000004, y: 0.9999995, z: 1.0000001}
  m_ConstrainProportionsScale: 0
  m_Children:
  - {fileID: 7904099135610474175}
  m_Father: {fileID: 4833679889091709033}
  m_RootOrder: 4
  m_LocalEulerAnglesHint: {x: 0, y: 0, z: 0}
--- !u!1 &8782850126298468633
GameObject:
  m_ObjectHideFlags: 0
  m_CorrespondingSourceObject: {fileID: 0}
  m_PrefabInstance: {fileID: 0}
  m_PrefabAsset: {fileID: 0}
  serializedVersion: 6
  m_Component:
  - component: {fileID: 8262173494145682339}
  - component: {fileID: 4744759497029825686}
  - component: {fileID: 1401511805303050857}
  m_Layer: 0
  m_Name: hand_1
  m_TagString: Untagged
  m_Icon: {fileID: 0}
  m_NavMeshLayer: 0
  m_StaticEditorFlags: 0
  m_IsActive: 1
--- !u!4 &8262173494145682339
Transform:
  m_ObjectHideFlags: 0
  m_CorrespondingSourceObject: {fileID: 0}
  m_PrefabInstance: {fileID: 0}
  m_PrefabAsset: {fileID: 0}
  m_GameObject: {fileID: 8782850126298468633}
  m_LocalRotation: {x: 0, y: 0, z: 0, w: 1}
  m_LocalPosition: {x: 0, y: 0, z: 0}
  m_LocalScale: {x: 1, y: 1, z: 1}
  m_ConstrainProportionsScale: 0
  m_Children:
  - {fileID: 4446472696673834591}
  - {fileID: 6170598846574872247}
  - {fileID: 4654999280099841104}
  m_Father: {fileID: 0}
  m_RootOrder: 0
  m_LocalEulerAnglesHint: {x: 0, y: 0, z: 0}
--- !u!95 &4744759497029825686
Animator:
  serializedVersion: 4
  m_ObjectHideFlags: 0
  m_CorrespondingSourceObject: {fileID: 0}
  m_PrefabInstance: {fileID: 0}
  m_PrefabAsset: {fileID: 0}
  m_GameObject: {fileID: 8782850126298468633}
  m_Enabled: 1
  m_Avatar: {fileID: 0}
  m_Controller: {fileID: 9100000, guid: c99a9fe6e7502df469e7b93fb3ef08e2, type: 2}
  m_CullingMode: 0
  m_UpdateMode: 0
  m_ApplyRootMotion: 0
  m_LinearVelocityBlending: 0
  m_StabilizeFeet: 0
  m_WarningMessage: 
  m_HasTransformHierarchy: 1
  m_AllowConstantClipSamplingOptimization: 1
  m_KeepAnimatorControllerStateOnDisable: 0
--- !u!114 &1401511805303050857
MonoBehaviour:
  m_ObjectHideFlags: 0
  m_CorrespondingSourceObject: {fileID: 0}
  m_PrefabInstance: {fileID: 0}
  m_PrefabAsset: {fileID: 0}
  m_GameObject: {fileID: 8782850126298468633}
  m_Enabled: 1
  m_EditorHideFlags: 0
  m_Script: {fileID: 11500000, guid: 6c39937553094a57b7e2ed00187aae50, type: 3}
  m_Name: 
  m_EditorClassIdentifier: 
  _handAnimator: {fileID: 4744759497029825686}
